3336 5430
745 566 784 580 ·-
806 550 889 594 XXIV
910 566 949 577 ·-

258 756 383 802 nomen
411 741 540 815 Graeci,
567 741 723 822 populari
754 743 1030 824 interpretatione
1058 744 1123 822 usi,
1151 744 1192 808 ad
1223 745 1429 832 vocabulum

257 873 365 957 ιιλευροὶ
376 874 490 955 (latus)
506 890 587 937 sane
602 873 776 939 referrent.

297 1009 408 1089 Τυχίος,
425 1007 600 1082 coriarius,
621 1013 648 1067 H
663 1012 732 1080 220,
750 1026 770 1070 a
792 1012 916 1091 τεύχειν,
934 1007 1039 1089 pelles
1055 1007 1222 1088 subigere,
1240 1009 1283 1076 ci.
1301 1023 1421 1097 ευνιςῇοι

262 1142 371 1218 βόεσσιν
387 1143 416 1198 Μ
431 1140 500 1212 105,
514 1140 719 1203 nominatur.

536 1325 642 1424 [σάκος]
664 1345 680 1406 ὅ
702 1351 728 1405 οἱ
752 1348 877 1428 Τυχίος
901 1346 975 1426 κοὶμε
1000 1351 1146 1429 τεύχων.

291 1550 453 1607 Βουκολίων
469 1565 489 1608 a
504 1551 640 1626 βούκολος
652 1551 766 1628 pastor
781 1548 922 1621 dicitur;
939 1549 1046 1630 pascit
1062 1551 1152 1613 enim
1165 1568 1247 1614 oves
1262 1557 1282 1611 z
1298 1551 1337 1614 25
1354 1569 1362 1612 ι

445 1757 642 1834 Ποιμαίνων
659 1756 720 1815 δ’ἐπ
731 1753 738 1778 ’
749 1758 826 1816 ὄεσσι
842 1757 912 1836 μίγη
927 1758 1058 1839 φιλότητι
1074 1759 1119 1815 καὶ
1135 1754 1214 1839 εὐνῇ.

291 1907 459 2041 Πολύκουμ,
476 1959 534 2039 qui
550 1958 655 2021 multa
673 1957 787 2034 habet,
803 1959 838 2020 in
854 1957 956 2022 iliade
971 1958 1065 2022 dives
1081 1975 1156 2022 esse
1171 1958 1295 2023 dicitur
1306 1965 1332 2020 Ω
1343 1960 1420 2026 398;

652 2162 784 2249 ἀφνειὸς
805 2164 855 2245 μὲν
872 2163 919 2246 ὅγ’
935 2167 995 2226 ἔστί
1040 2184 1046 2196 ·

290 2366 402 2451 Φόρὸος
421 2366 462 2430 ad
482 2367 576 2452 φὲρὸυ
596 2384 719 2449 pascor
739 2365 953 2431 referendum
975 2371 1035 2447 est,
1062 2369 1120 2450 qui
1135 2373 1301 2450 πολύμηλος
1322 2372 1421 2439 Ξ940

250 2497 396 2562 dicitur:
475 2529 480 2541 ν

588 2690 646 2745 υἱὸν
667 2684 828 2768 Φόρὸαντος
846 2687 1058 2765 πολυμήλου.

293 2889 468 2972 Ἐχέπωλος,
480 2889 536 2970 qni
551 2888 661 2968 pullos
672 2887 815 2969 equinos
826 2887 939 2963 habet,
953 2905 1075 2969 equam
1088 2889 1329 2968 Agamemnoni
1346 2888 1416 2962 dat,

247 3022 384 3086 nomine
400 3027 494 3101 Αἴθην
509 3028 541 3082 Ψ
557 3022 627 3099 295,
644 3021 706 3086 296
724 3042 731 3083 ε

423 3228 477 3306 τὴν
498 3226 690 3308 Ἀγαμέμνονι
708 3227 776 3286 δῶκ’
794 3227 979 3309 Ἀγχισιάδης
996 3227 1213 3309 Ἐχέπωλος.

285 3432 425 3511 Πασιθέη,
443 3449 528 3514 quae
552 3430 711 3494 omnibus
735 3433 894 3511 exoptata
910 3433 973 3494 est.
991 3430 1088 3493 Hane
1102 3430 1415 3510 interpretationem

244 3568 372 3629 nomini
388 3565 519 3629 adicere
535 3569 633 3646 poeta
647 3563 781 3628 videtur
796 3570 819 3624 Ξ
837 3565 895 3628 269
911 3583 917 3625 :

462 3767 606 3847 Πασιθέην
626 3769 660 3848 ἧς
679 3768 736 3828 αἰὲν
759 3769 895 3828 ἐέλδεαι
914 3767 1011 3847 ἤματα
1029 3766 1156 3829 πάντα.
1186 3756 1190 3770 ⁴

282 3986 434 4066 Forsitan
457 4003 529 4080 -θέη
554 3998 595 4063 ad
620 4001 767 4062 θέοοοοθοιι
793 3998 985 4080 (praecari,
1011 4001 1125 4079 petere
1146 4015 1176 4074 ›,
1200 3995 1413 4060 referendum

244 4137 313 4212 sit¹‚
331 4141 364 4200 et
379 4137 448 4216 -θέη
464 4152 523 4216 per
539 4136 647 4196 ἐέλδεαι
664 4135 708 4197 sit
722 4134 914 4211 enodatum,
931 4157 1015 4194 ποιοι-
1030 4131 1144 4194 autem
1159 4147 1218 4212 per
1231 4131 1334 4194 πάντα.

283 4266 462 4341 Τελαμώνιος
492 4278 511 4321 a
534 4259 714 4321 Telamone
737 4257 940 4321 declinatum
961 4259 1029 4332 est,
1057 4255 1145 4338 quod
1173 4271 1297 4318 nomen
1322 4254 1412 4320 idem

242 4399 295 4458 est
310 4412 349 4458 ao
375 4397 506 4473 τελαμών
535 4393 683 4470 balteus;
714 4392 786 4473 ejus
815 4389 1074 4470 significationis
1097 4389 1262 4453 rationem
1285 4386 1410 4451 habere

272 4605 295 4654 i.
314 4604 422 4665 Commo,
440 4602 598 4668 Grundzz'tpe
613 4603 661 4654 der
674 4602 857 4667 prieokiecken
872 4601 1061 4668 Etymolopie⁵‚
1077 4616 1102 4664 p.
1118 4600 1172 4652 520.
