3262 5536
734 620 890 681 ..56-

263 838 441 918 Ἀντίρονον,
453 833 575 896 Priami
591 831 711 908 filium,
723 839 750 894 Ω
764 833 834 898 250.
847 833 978 895 Nomen
993 830 1077 894 illud
1090 830 1137 894 ibi
1153 836 1288 894 tantum
1305 832 1418 894 inve-

225 951 327 1011 nitur.

262 1154 424 1255 αὐμορόνος,
441 1156 499 1237 qui
514 1173 574 1217 sua
588 1152 872 1228 inanuintcrticit,
884 1152 974 1234 apud
989 1151 1204 1233 Aeschylum,
1216 1154 1311 1226 Sept.
1332 1150 1413 1221 850,

223 1278 290 1348 Ap.
309 1273 398 1335 rom.

264 1389 448 1472 Αὐτοφόνοιο,
476 1387 636 1459 Thebani,
668 1393 690 1447 Δ
719 1388 788 1463 395,
813 1387 905 1468 quod
929 1404 1053 1449 nomen
1074 1387 1110 1447 iu
1133 1383 1236 1447 lliade
1265 1388 1412 1448 tanturn

224 1504 357 1582 legitur.

263 1710 337 1772 Atia
366 1726 444 1772 vero
477 1709 758 1788 significationem
788 1711 900 1772 minus
932 1707 1221 1785 circumscriptam
1255 1703 1407 1767 hahent.

264 1822 435 1906 ἀλέξανδρος,
454 1824 509 1903 qui
526 1824 613 1886 viros
627 1827 729 1894 arcet,
748 1824 835 1903 apud
852 1823 1047 1895 Diodorum,
1063 1822 1120 1895 Xt,
1141 1822 1186 1896 14,
1203 1821 1233 1881 4.

270 1937 461 2022 Ἀλέξανδρος,
493 1940 597 2018 Paris,
624 1943 646 2000 Γ
671 1940 728 2004 136
753 1946 817 2002 etc.
852 1939 899 2003 or.
931 1941 986 2002 lat.
1023 1941 1261 2012 Descrmorem,
1293 1951 1404 2011 germ.

233 2059 450 2119 Wehrmuou.

265 2266 417 2343 λαοδάμας,
436 2263 635 2343 populorum
649 2263 804 2337 domitor,
821 2261 911 2341 apud
926 2259 1144 2341 Aeschylum,
1161 2262 1247 2336 Sept.
1265 2259 1338 2322 343.

264 2380 465 2460 Λαοδάμαντα,
482 2381 674 2458 Trojatttttn,
691 2381 716 2441 Ο
731 2380 800 2443 516.

265 2596 412 2676 δεναήνωρ,
430 2595 488 2673 qui
512 2594 604 2656 viros
630 2597 740 2664 terret,
758 2592 796 2655 cl.
820 2596 978 2676 δεισήνορα,
1000 2609 1088 2672 quae
1114 2591 1223 2651 virum
1246 2593 1400 2665 veretur,

225 2715 289 2785 Ao.
308 2712 376 2773 154.

266 2830 432 2911 Δεισήνορα,
442 2827 635 2908 Troianum,
648 2828 673 2888 P
684 2829 758 2904 atu
775 2843 899 2889 nomen
912 2825 996 2887 illud
1011 2824 1058 2887 ihi
1070 2828 1201 2887 tantum
1217 2824 1398 2904 reperitur.

266 3030 405 3114 ἀντήνωρ,
422 3032 481 3112 qui
496 3030 559 3093 viri
579 3031 690 3092 locum
710 3032 850 3101 obtinet,
873 3029 961 3109 apud
980 3026 1200 3109 Aeschylum,
1223 3029 1303 3102 Ay„
1325 3025 1399 3088 [αἰγὶ.

265 3149 421 3231 Ἀντήνωρ,
441 3148 615 3229 Trojanus,
632 3154 654 3208 Γ
671 3150 740 3213 148.

265 3245 316 3307 Ad
344 3244 403 3307 illa
430 3248 566 3310 nomina
593 3245 735 3312 forsitan
762 3250 976 3314 referendum
1005 3249 1047 3311 sit
1076 3249 1239 3331 Μέρμερος,
1269 3261 1399 3307 nomen

225 3363 323 3441 Mysi,
341 3368 364 3421 Ξ
381 3364 450 3425 513.
466 3362 675 3426 Vocabulum
694 3367 783 3427 enim
799 3368 937 3449 μὲρμερος
952 3364 1109 3442 adjectivi
1128 3379 1220 3425 more
1236 3361 1272 3424 in
1293 3361 1401 3423 Iliade

226 3476 424 3559 plerumque
440 3497 516 3539 curn
533 3481 700 3542 vocabulo
720 3481 790 3564 ἔργα
809 3480 1029 3561 conjunctum
1053 3495 1185 3558 semper
1207 3476 1248 3538 ad
1269 3475 1402 3539 bellum

227 3596 395 3673 pertinet:
417 3599 441 3656 Θ
462 3597 520 3659 453
547 3615 553 3656 ξ
578 3598 714 3676 πολέμοιο
738 3622 769 3656 τε
795 3601 921 3681 μέρμερα
943 3597 1022 3679 ἔργα.
1050 3594 1257 3672 Significalio
1285 3596 1402 3656 aulem

226 3711 363 3774 minime
378 3711 468 3773 clara
484 3716 543 3773 est.

265 3945 408 4007 Nomina
421 3952 494 4008 orta
509 3965 527 4008 e
542 3948 683 4010 diversis
699 3947 828 4010 artibus
844 3949 1115 4028 quaehominum
1132 3947 1300 4008 industria
1315 3963 1399 4010 sus-

226 4061 291 4141 cipi
311 4066 463 4140 potuere‚
490 4067 547 4124 aut
572 4063 613 4124 ad
636 4077 706 4125 rem
727 4065 898 4125 nauticam
924 4066 1022 4142 cujus
1045 4061 1252 4124 adminiculo
1277 4063 1402 4126 Graeci

225 4181 428 4239 mercatores
452 4179 499 4239 uti
526 4178 691 4258 solebant,
710 4184 769 4240 aut
784 4178 825 4239 ad
843 4198 913 4241 rem
929 4181 1091 4240 rusticam
1107 4182 1188 4240 sunt
1204 4177 1399 4244 referenda.

265 4293 395 4355 Nomen
411 4295 500 4375 quod
517 4295 557 4355 ad
574 4312 643 4356 rem
660 4297 829 4357 nauticam
847 4297 989 4375 pertinet
1008 4295 1072 4356 hoc
1089 4299 1140 4357 cst
1157 4314 1164 4356 :

208 4445 212 4451 -
267 4411 377 4479 εδνεονς,
395 4411 452 4489 qui
472 4410 576 4472 bonas
592 4428 696 4472 naves
711 4409 823 4482 habet,
842 4411 930 4490 apud
947 4412 1128 4472 Maximum
1144 4411 1291 4491 Tyrium,
1313 4413 1342 4484 5,
1367 4414 1398 4474 5.

266 4527 385 4602 Εὔνηος,
411 4542 468 4586 rex
496 4527 621 4599 ticonii,
650 4527 675 4586 tl
701 4528 769 4590 toa.
797 4526 842 4589 ut.
871 4530 1039 4600 Nouium,
1064 4543 1169 4604 germ.
1196 4528 1399 4604 Schiffmao,

227 4643 378 4716 Sotiillt’rn
