3262 5536
730 476 889 538 ...60...

207 679 213 690 ’
266 692 388 771 κορώνη,
416 689 545 761 cornix,
571 714 591 769 μ
613 690 683 752 418.
708 691 746 751 Ιιι
769 689 920 771 Odyssea
940 690 1067 771 ubique
1090 697 1202 774 κορώνη
1227 691 1407 753 cornicem

225 804 427 865 maritimam
443 803 607 882 designat.

264 924 397 1003 Κορώνου
417 923 579 996 Καινειόαο,
602 920 820 1000 Lapitharum
845 923 945 999 regis,
962 929 985 981 B
1006 924 1076 986 llll.
1094 922 1140 985 Gi.
1158 924 1215 986 lat.
1236 928 1404 996 Corvum,

224 1035 301 1112 gall.
321 1038 498 1107 Coroeitte,
514 1054 624 1114 graec.
642 1043 768 1122 Κόρακι,
787 1039 875 1116 angl.
894 1043 1003 1102 Croto.

265 1221 437 1307 ἁοκόιλοιρος,
449 1229 583 1299 noctua,
596 1227 684 1306 apud
696 1229 923 1305 Aristotelem,
935 1232 978 1291 H.
993 1227 1099 1300 A.,ll,
1113 1229 1160 1300 17,
1172 1228 1221 1290 17.
1232 1224 1281 1290 of.
1292 1243 1402 1304 germ.

225 1343 322 1403 Erite.

271 1457 464 1542 Ἀσκάλαφος,
482 1459 781 1522 Orcboureniorum
796 1460 876 1536 dux,
893 1467 916 1520 B
933 1462 1001 1523 512.

264 1634 345 1717 ὦτος,
362 1648 443 1718 ὠτός,
463 1645 565 1722 bubo,
584 1648 673 1728 apud
687 1647 908 1722 Athenaeum,
927 1647 985 1711 390
1000 1646 1021 1709 l.

265 1760 367 1834 Ὦτος,
385 1761 533 1834 Aloides,
550 1768 574 1822 E
590 1763 664 1834 385;
684 1764 776 1824 Ὦτον
790 1767 963 1843 Κυλλήνιον,
984 1764 1121 1843 Epellm,
1139 1765 1165 1823 Ο
1180 1762 1250 1826 518.

266 1947 358 2010 Haec
374 1951 510 2012 nomina
526 1951 669 2030 piscium
684 1946 739 2030 (ol.
758 1967 861 2027 germ.
880 1954 990 2024 Fisclt,
1007 1950 1083 2026 gall.
1101 1948 1283 2029 Potssoo):

265 2068 393 2147 χρόμιος,
420 2067 525 2146 piscis
548 2066 684 2146 quidam
706 2064 903 2146 (tymallus)‚
926 2065 1015 2145 apud
1037 2064 1258 2136 Athenaeum,
1284 2065 1345 2126 282
1369 2061 1401 2126 b.

266 2184 399 2263 Χρομίος,
422 2185 597 2264 Mysorum
619 2181 699 2259 dux,
724 2189 746 2241 P
769 2182 843 2256 [1943
864 2184 999 2265 Χρομίον,
1021 2181 1117 2243 Nelei
1136 2179 1255 2254 filium,
1278 2183 1300 2238 Δ
1325 2178 1401 2250 '295;

227 2297 380 2377 Lycium,
396 2303 421 2358 E
436 2299 510 2370 677;
528 2297 720 2379 trojanum,
737 2303 762 2360 o
778 2299 851 2370 2753
870 2297 992 2359 Priami
1008 2297 1130 2375 filium,
1147 2301 1172 2355 ll
1187 2298 1256 2360 loo.

266 2492 372 2572 Χρόμις
389 2487 478 2549 idem
501 2486 671 2566 signifieat
693 2487 781 2567 apud
802 2488 1028 2564 Aristotelem,
1046 2491 1088 2549 H.
1107 2491 1149 2548 A.
1165 2484 1219 2558 lV,
1237 2484 1267 2562 8,
1284 2485 1336 2548 lo.
1353 2484 1403 2548 (ll.

226 2621 330 2682 germ.
353 2609 475 2674 Ascbe,
499 2604 564 2665 nisi
585 2601 669 2664 forte
691 2603 756 2665 hoc
778 2620 902 2664 nomen
918 2603 959 2665 ad
977 2607 1084 2673 asche,
1104 2599 1285 2676 fraxinum,
1310 2599 1405 2663 refe-

227 2721 370 2782 rendum
381 2720 451 2782 sit¹.

267 2907 421 2969 Forsitan
437 2909 574 2978 Γλοιοκος,
591 2908 617 2967 Β
633 2907 702 2981 876,
719 2909 742 2968 Ζ
757 2907 824 2981 154,
844 2908 885 2969 ad
900 2906 983 2968 illud
994 2906 1169 2968 nominum
1185 2905 1407 2983 genusperti·

229 3029 316 3098 neat,
334 3040 412 3084 nam
428 3025 549 3103 γλαῦκος
565 3039 687 3085 nomen
705 3023 808 3102 piscis
825 3022 1002 3103 cujusdam
1014 3021 1103 3102 apud
1114 3021 1328 3110 Athenaeum
1339 3025 1404 3098 est,

230 3161 261 3220 p.
275 3140 333 3203 295
345 3137 377 3199 b.
395 3138 486 3199 ldem
502 3138 542 3199 de
559 3141 694 3200 nomine
710 3138 854 3223 Ἀραρῆα,
869 3137 944 3213 183,
957 3137 1136 3200 dicendum
1148 3142 1199 3200 est
1210 3136 1408 3217 quodidem

229 3261 277 3318 est
291 3259 390 3335 atque
402 3253 531 3338 ἀρκρεός,
546 3253 795 3332 pinnainlerlor
807 3255 936 3336 thynni,
950 3253 1039 3333 apud
1050 3252 1276 3325 Aristotelem,
1289 3257 1335 3314 H.
1347 3260 1406 3328 A.,

228 3371 269 3445 V,
286 3371 314 3444 9,
332 3374 361 3434 ό.

270 3563 342 3623 Hoc
358 3575 481 3621 nomen
496 3557 658 3620 bestiolae
674 3561 725 3620 est
742 3578 749 3618 z

270 3680 442 3760 τενθρηδών,
460 3692 576 3753 vespa,
594 3672 681 3754 apud
695 3674 919 3749 Aristotelem,
938 3680 981 3738 Η.
997 3679 1053 3749 Α.,
1072 3676 1128 3750 ΙΧ,
1144 3675 1194 3746 43,
1212 3681 1241 3737 2.

271 3796 472 3877 Τενθρηδόνος,
491 3793 685 3867 Magnetum
699 3789 803 3866 ducis,
819 3794 845 3853 B
859 3793 929 3854 756.
947 3789 992 3854 Cf.
1012 3808 1120 3868 graec.
1143 3795 1270 3874 Κώνωψ,
1296 3796 1407 3876 Μόωψ,

232 3909 345 3981 Τὲττνξ;
376 3909 433 3970 lat.
466 3913 620 3982 Verbum,
645 3907 721 3983 gall.
752 3913 887 3985 Abulite,
917 3926 1020 3985 germ.
1044 3913 1158 3984 Btene,
1180 3910 1310 3972 Mliebe.
1334 3911 1412 3974 Hoc

232 4044 356 4089 nomen
380 4022 600 4106 probabiliter
621 4021 832 4086 referendum
856 4025 968 4087 estad
989 4025 1135 4106 aliquem
1161 4025 1298 4102 ingenio
1322 4029 1412 4090 sati-

234 4145 340 4207 ricum
362 4145 396 4204 et
410 4142 593 4205 derisorem
612 4141 669 4220 qui
689 4144 864 4220 propterea
883 4157 959 4202 cum
979 4158 1084 4220 vespa
1106 4139 1278 4203 confertur
1298 4143 1413 4206 aculei

232 4261 284 4325 sui
299 4261 366 4322 telo
381 4275 510 4338 semper
525 4259 660 4318 armata.

264 4529 287 4576 l.
307 4527 377 4588 Pom,
394 4525 441 4574 Die
455 4526 690 4586 Perscoenoumcn,
706 4538 731 4586 p.
745 4523 801 4574 675.
