3336 5430
674 568 833 631 ...53-

206 784 425 862 Aliaquoque
435 780 823 859 nominaimpositasunt
833 780 870 840 ut
880 776 1120 840 commercium
1129 775 1339 839 societatem-

167 919 232 981 que
247 899 334 961 inter
348 899 503 960 homines
519 897 709 959 institutam
724 894 886 957 referrent
903 914 909 957 :

205 1017 350 1094 καλήτωρ,
369 1014 428 1094 qui
447 1016 553 1085 vocal,
572 1018 597 1071 Ω
613 1012 689 1074 577:
708 1015 818 1094 κήρυκα
833 1014 989 1092 καλήτορα.

204 1134 370 1213 Καλήτορα,
393 1129 586 1208 Troianum,
610 1132 635 1188 O
656 1128 737 1202 4193
760 1128 960 1207 Καλητορίδην
990 1125 1134 1208 Ἀφαρῆα,
1159 1124 1336 1194 Graecum,

165 1253 192 1308 N
208 1247 276 1309 541.
296 1248 425 1309 Nomen
440 1244 522 1307 illud
538 1245 571 1305 in
587 1243 690 1305 Iliade
708 1246 837 1304 tantum
852 1242 985 1317 legitur.

207 1445 331 1527 μήστωρ,
350 1444 569 1514 consiliarius,
588 1449 614 1502 H
632 1442 688 1505 366
703 1461 710 1519 ;
726 1445 854 1514 auctor,
873 1447 894 1500 Δ
910 1440 980 1514 328,
997 1444 1017 1499 Ζ
1034 1439 1083 1501 97.

206 1564 356 1645 Μήστορα,
374 1561 496 1621 Priami
513 1558 632 1636 filium,
651 1563 676 1617 Ω
692 1559 761 1622 257.

206 1749 347 1832 ἀμύντωρ,
365 1749 554 1819 auxiliator,
571 1752 598 1806 N
615 1747 683 1811 384.

210 1867 393 1949 Ἀμύντορος,
406 1866 534 1938 Graeci,
552 1864 643 1928 1448.

207 2053 307 2136 ἕκτωρ,
327 2053 385 2134 qui
401 2056 504 2132 tenet,
525 2053 614 2133 apud
638 2054 783 2134 Sappho,
806 2053 864 2115 149
875 2073 883 2125 ;
907 2052 1020 2136 ἕκτορες
1038 2052 1177 2113 πάσσαλοι
1199 2055 1226 2112 ἐν
1248 2059 1336 2135 ρυμῷ,

166 2169 258 2252 apud
272 2169 492 2251 Hesychium.

207 2287 336 2370 Ἕκτωρ,
348 2287 472 2348 Priami
488 2285 592 2349 filius.

205 2475 324 2558 ὸνάτωρ,
342 2474 402 2554 qui
417 2475 562 2555 prodest,
581 2475 764 2552 beneficus
782 2476 872 2557 apud
887 2475 1080 2554 Pindarum,
1095 2480 1142 2538 cl.
1159 2477 1214 2551 Xl,
1232 2478 1262 2539 9.

211 2592 355 2674 Ὀνήτωρ,
371 2589 546 2670 Τσο]οηνε,
564 2592 677 2655 [1604.
694 2592 740 2656 Cf.
758 2610 861 2671 germ.
877 2594 1021 2656 Nlitzer.

206 2788 332 2872 μάστωρ,
350 2786 391 2851 cf.
411 2792 533 2873 μαστήρ,
552 2790 734 2869 quaesitor,
753 2788 840 2870 apud
856 2791 1068 2870 Sophoclem,
1087 2795 1121 2854 0.
1140 2796 1173 2854 C.
1190 2792 1260 2855 456.

205 2905 361 2989 Μάστορος,
379 2907 507 2979 Graeci,
523 2910 548 2966 Ο
564 2906 632 2969 430.

205 3092 404 3174 ἀκεσσάμενος,
420 3096 478 3175 qui
495 3096 638 3173 sanavit,
653 3093 695 3157 Os.
713 3094 840 3173 ἄκεσσαι,
854 3097 963 3160 11523.

210 3212 444 3291 Ἀκεσσαμενοῖο,
456 3209 622 3272 Thracum
637 3211 736 3287 regis,
748 3215 773 3269 Φ
787 3209 853 3272 lla.
867 3211 997 3273 Nomen
1012 3210 1046 3272 id
1061 3209 1152 3291 qnod
1168 3227 1335 3291 nusquam

162 3325 245 3388 alibi
260 3326 426 3406 reperitur
440 3324 583 3388 fortasse
600 3327 812 3405 peregrinum
827 3330 889 3389 est.
911 3327 1090 3406 Participia
1109 3325 1246 3407 quidem
1267 3307 1340 3388 non

162 3440 288 3503 desunt
302 3443 338 3502 in
352 3468 451 3523 -μενος
465 3443 623 3504 exeuntia
638 3460 725 3522 quae
740 3443 916 3504 nominum
926 3459 1051 3505 munus
1066 3444 1332 3522 usurpaverunt;

162 3557 309 3638 exempli
324 3559 431 3635 gratia
446 3556 604 3637 Δεξαμένη,
623 3563 646 3617 Σ
662 3559 720 3634 44;
744 3558 894 3638 Κλυμένη,
916 3562 937 3617 Γ
958 3558 1036 3633 144;
1061 3556 1202 3638 Κτιμένη,
1224 3581 1238 3618 ο
1255 3557 1332 3633 363;

162 3673 317 3757 Ὄρμενος,
334 3678 359 3735 Θ
375 3675 453 3750 2743
471 3676 627 3754 Κλύμενος,
645 3700 662 3754 γ
676 3671 746 3735 452.
1213 3708 1222 3746 ,

205 3870 325 3953 ἱαμένος,
344 3874 494 3947 sanatus,
511 3869 552 3932 cl.
569 3876 662 3951 ἴαμα,
682 3870 769 3950 apud
784 3871 1031 3950 Hippocratem,
1049 3872 1118 3946 532,
1135 3871 1184 3934 42.

211 3989 349 4068 Ἰαμενόν,
367 3987 557 4067 Trojanum‚
576 3992 604 4046 M
620 3987 688 4062 139,
707 3988 773 4050 193.

204 4177 375 4240 Nonnulla
390 4177 526 4238 nomina
539 4177 684 4238 indicare
699 4177 1016 4239 videnturhomines
1030 4178 1135 4257 pluris
1150 4179 1331 4242 minorisve

160 4313 181 4356 a
203 4294 422 4374 popularibus
445 4294 516 4355 suis
537 4294 730 4355 aestimatos
750 4309 838 4371 esse,
860 4297 919 4356 aut
938 4292 980 4355 ad
999 4294 1152 4356 altiorem
1172 4293 1331 4359 humilio-

159 4428 277 4475 rcmve
293 4408 400 4473 lamae
415 4413 447 4472 et
462 4409 571 4472 laudis
587 4409 727 4486 gradum
741 4411 944 4489 pervenisse.
961 4409 1053 4472 Talia
1068 4407 1171 4491 suntl:

201 4597 272 4672 ἶσος,
284 4618 356 4681 par,
369 4601 394 4660 E
409 4599 479 4664 438.
