3336 5430
755 559 916 621 „59-

286 770 488 849 Plerumque
504 766 711 831 vocabulum
726 768 882 832 animalis
904 769 1015 832 solum
1033 787 1093 849 pro
1116 771 1251 834 nomina
1272 771 1420 852 positum

247 892 298 950 est
314 906 322 948 :

289 1004 414 1088 κάοτορ,
432 1001 527 1082 fiber,
545 1001 634 1082 apud
648 1001 869 1079 Herodotum,
885 1004 941 1081 lV,
959 1004 1029 1067 403.

286 1120 434 1204 Κάστορα,
465 1119 574 1180 filium
598 1117 723 1191 Ledae,
751 1123 772 1178 Γ
798 1119 875 1194 237;
906 1118 1024 1181 eodem
1050 1121 1186 1182 nomine
1211 1122 1247 1182 in
1271 1119 1422 1201 Odyssea

247 1239 415 1300 Cretensis
442 1237 543 1298 homo
572 1235 775 1313 designatur.
805 1237 898 1307 Quod
926 1255 946 1298 a
976 1236 1259 1315 significationem
1287 1239 1421 1313 attinet,

247 1355 289 1418 ol.
308 1372 412 1432 germ.
429 1357 561 1424 Bienor,
578 1359 699 1415 Beter.

288 1544 381 1605 Haeo
395 1540 533 1602 nomina
547 1539 660 1600 avium
676 1542 755 1600 sunt
770 1557 777 1598 :

289 1658 464 1741 ἀλεκτρυών,
481 1655 601 1733 gallus.

294 1776 510 1857 Ἀλεκτρυόνος,
542 1773 675 1845 Graeci,
713 1777 736 1830 P
763 1771 843 1843 602;
876 1769 919 1833 ot.
949 1772 1004 1834 lat.
1038 1777 1183 1847 Gallum,
1206 1775 1282 1850 gall.
1300 1778 1420 1849 Leooq,

249 1895 408 1960 Poematia,
439 1906 541 1967 gorm.
570 1893 681 1951 Hono.
709 1889 793 1951 Galli
822 1889 930 1968 prima
958 1890 1086 1952 mentio
1118 1888 1207 1970 apud
1238 1892 1423 1969 Theognim

247 2013 381 2088 poetam
398 2025 427 2068 ν.
446 2007 504 2069 364
519 2005 701 2067 invenitur.
721 2006 905 2067 Homerum
926 2009 1037 2068 autem
1058 2006 1182 2083 gallum
1199 2024 1268 2068 non
1286 2008 1422 2070 novisse

248 2125 332 2186 dixit
348 2123 512 2197 Hehnius,
528 2125 825 2198 Kuttnrpltanzen,
847 2139 879 2202 p.
902 2121 971 2184 263.
990 2124 1129 2196 Constat
1145 2141 1224 2185 vero
1240 2124 1364 2202 gallum
1380 2142 1422 2185 ex

250 2240 329 2303 Asia
345 2240 464 2301 Minori
485 2241 520 2299 iu
541 2240 709 2318 Europam
732 2238 872 2300 allatum
893 2256 982 2301 esse.
1006 2240 1109 2319 Atqui
1130 2240 1165 2300 in
1188 2240 1322 2319 Europa
1343 2241 1422 2317 galli

249 2375 327 2418 ossa
356 2358 493 2417 inventa
518 2358 653 2417 suntet
677 2355 711 2415 in
735 2354 794 2416 illa
821 2355 884 2416 soli
914 2359 1008 2435 parte
1038 2373 1140 2436 quam
1168 2357 1419 2437 quaternariam

250 2473 413 2552 geniogioi
429 2472 547 2534 dieunt
562 2475 596 2534 et
611 2472 645 2531 iu
662 2471 735 2533 aliis
750 2470 994 2534 recentioribus
1018 2469 1197 2551 partibus¹.
1216 2473 1301 2550 Ergo
1312 2489 1371 2536 res
1386 2475 1423 2535 in

252 2588 407 2667 ambiguo
424 2589 533 2669 posita
548 2592 612 2651 est.

292 2779 454 2861 ρελέοιγρος,
473 2776 561 2856 apud
577 2774 795 2857 Hesychium,
814 2779 961 2859 μελεαγρίς
976 2775 1063 2856 apud
1080 2777 1308 2847 Aristotelem,
1323 2782 1363 2840 H.
1377 2781 1419 2841 A.

249 2893 305 2966 Vl,
321 2895 350 2970 t,
367 2895 396 2966 ⁴2,
415 2890 584 2983 signifieat
597 2890 759 2967 gallinam
775 2891 913 2953 variam.

290 3010 464 3092 Μελέαγρος,
483 3009 629 3083 Aetolus,
648 3007 754 3070 3642.
772 3005 818 3070 Cf.
837 3007 893 3069 lat.
912 3012 1095 3071 Gallinam.

292 3196 415 3269 ἀλκύων,
430 3196 582 3271 halcedO,
600 3203 612 3256 Ι
628 3197 696 3261 563.

297 3315 469 3392 Ἀλκυόνην,
495 3319 507 3373 I
529 3314 597 3378 562.
621 3312 667 3377 Cf.
692 3332 801 3391 graec.
826 3316 966 3386 Χελιδών,
991 3317 1132 3398 Κύψελος,
1157 3315 1233 3391 gall.
1258 3319 1421 3389 Aromlel,

253 3434 339 3510 angl.
357 3436 524 3509 swalma),
542 3431 598 3493 lat.
615 3435 855 3494 Hirnutttuent.

293 3621 391 3702 δρύοψ,
409 3619 514 3697 picus,
532 3616 620 3696 apud
634 3617 903 3699 Aristophanem,
919 3625 984 3683 Ao.
1002 3621 1071 3684 304.

293 3739 416 3818 Δρύοπα,
435 3735 556 3795 Priami
574 3733 692 3810 tilium,
709 3739 735 3794 Υ
751 3736 821 3799 455.
838 3733 884 3799 of.
901 3736 979 3814 gall.
997 3740 1112 3813 tento,
1130 3753 1233 3813 germ.
1250 3740 1379 3812 specu.

293 3923 394 4004 μέροψ,
413 3937 559 4000 merope,
576 3920 663 4000 apud
678 3922 904 3998 Aristotelem,
921 3927 964 3986 H.
981 3928 1038 3998 Α,
1057 3922 1112 3996 ΙΧ,
1135 3922 1183 3997 13,
1202 3924 1229 3984 1.

293 4040 422 4122 Μέροπος
437 4041 614 4121 Περκωσίου,
632 4036 776 4117 Trojani,
794 4044 817 4098 B
834 4039 902 4103 831.

293 4218 390 4303 point,
408 4217 565 4298 phoenix,
582 4218 672 4298 apud
687 4216 904 4295 Herodotum,
922 4220 963 4292 Il,
983 4220 1031 4282 73.

295 4335 399 4407 Φοῖνιξ,
417 4336 573 4411 Graecus
590 4334 729 4398 Achillis
744 4335 915 4412 magister,
931 4343 943 4396 Ι
959 4339 1029 4400 427.

287 4539 308 4589 l.
325 4538 456 4598 Conuavru,
473 4539 564 4588 Traite'
575 4538 607 4587 de
621 4538 768 4588 nootecltnt'e
785 4539 916 4604 penetrale,
940 4556 963 4602 p.
985 4541 1024 4601 69,
1048 4541 1100 4590 119.
1122 4541 1159 4589 Ci.
1184 4541 1319 4590 Memot'res
1341 4539 1373 4588 de
1398 4540 1424 4588 lo

254 4619 358 4670 Sociale
368 4617 522 4684 paolopique
538 4619 570 4669 de
586 4621 696 4681 Franco,
713 4619 916 4685 Pultontolopie,
933 4624 950 4672 t.
967 4620 1006 4680 lV,
1022 4620 1104 4684 p.139.
