3336 5430
617 1509 1077 1610 PROOEMIUM

299 2381 390 2450 Quae
426 2381 461 2440 in
496 2378 600 2441 iliade
635 2380 854 2442 continentur
881 2378 1018 2459 propria
1046 2390 1266 2456 personarum
1295 2371 1432 2434 nomina

257 2530 399 2576 numero
414 2513 655 2576 suntDCCLii.
673 2514 855 2576 Numinum
881 2518 914 2577 et
938 2510 1136 2573 animalium
1160 2508 1299 2571 nomina
1325 2522 1426 2586 sepo-

254 2647 384 2710 suimus
400 2651 438 2709 ut
453 2646 533 2709 solis
548 2647 725 2709 hominum
741 2645 934 2709 nominibus
945 2640 1425 2724 opusnostrumaddicerelur.

252 2781 342 2842 Inter
371 2798 411 2842 ea
439 2798 520 2842 vero
549 2781 697 2856 nomina,
715 2780 774 2842 illa
793 2780 957 2857 elegimus
985 2795 1072 2859 quae
1098 2793 1166 2839 non
1189 2779 1270 2838 sunt
1293 2773 1428 2854 propria

251 2913 485 2977 tantummodo
501 2915 649 2993 nomina,
668 2933 746 2978 oum
762 2932 801 2977 ea
816 2916 884 2978 sint
899 2918 1021 2977 natura
1042 2918 1081 2977 ut
1101 2929 1169 2974 non
1193 2909 1293 2973 modo
1314 2908 1425 2971 nomi·

250 3050 370 3112 nandis
394 3050 559 3130 personis,
589 3049 648 3112 sed
673 3050 774 3112 etiam
797 3047 909 3124 rebus,
927 3049 1024 3122 lociS,
1041 3045 1176 3127 populis
1205 3040 1425 3120 designandis

251 3181 404 3246 adhiberi
420 3182 552 3246 soleant
568 3202 575 3244 :
593 3201 681 3264 quae
697 3184 835 3247 nomina
850 3200 991 3245 numero
1006 3184 1085 3244 sunt
1101 3177 1301 3244 CLXXXIII.

292 3319 326 3380 Si
336 3317 414 3397 quis
429 3316 664 3396 neglegentius
679 3317 859 3381 attenderit
873 3321 931 3380 aut
942 3314 1110 3378 vocabula
1124 3313 1237 3394 polius
1252 3328 1355 3393 quam
1369 3327 1424 3372 res

250 3452 343 3532 ipsas
381 3453 575 3532 respexerit,
601 3451 649 3514 ibi
673 3451 811 3516 fortasse
836 3451 982 3533 duplicis
1006 3450 1193 3532 triplicisve
1216 3449 1328 3533 operis
1348 3465 1421 3509 ma-

249 3587 368 3648 teriam
404 3603 477 3650 esse
515 3585 741 3649 arbitrabitur.
779 3586 979 3650 Nominibus
1016 3586 1107 3651 enim
1143 3584 1297 3668 propriis,
1333 3598 1421 3663 quac

249 3719 365 3782 eadem
381 3719 450 3781 sint
465 3737 505 3780 ac
520 3719 714 3782 communia
728 3720 895 3782 vocabula
908 3721 1054 3783 classem
1064 3737 1167 3782 unam
1179 3716 1420 3781 instituendam

252 3871 328 3916 esse
340 3852 515 3933 judicabit,
533 3854 683 3916 iocorum
708 3859 822 3917 autem
845 3859 904 3918 aut
929 3855 1133 3937 populorum
1158 3851 1351 3916 nominibus
1365 3851 1419 3915 vel

250 3987 395 4050 classem
420 3989 570 4064 alteram,
590 3990 644 4051 vel
664 3991 793 4053 classes
817 3990 901 4054 duas
919 3991 1001 4054 alias
1025 3988 1264 4053 instituendas.
1288 3987 1419 4050 Dooent

248 4122 458 4198 grammatici
490 4123 596 4185 nostri
617 4124 793 4186 nominum
818 4141 942 4200 genera
966 4124 1032 4187 duo
1061 4142 1149 4200 esse,
1179 4140 1285 4185 unum
1318 4139 1418 4185 voca-

254 4254 409 4317 bulorum
438 4257 667 4317 communium
694 4257 820 4337 quibus
849 4257 1070 4335 designentur
1095 4261 1237 4320 cunctae
1265 4254 1418 4337 ejusdem

250 4392 383 4468 generis
399 4409 452 4452 res
470 4394 503 4452 et
518 4409 691 4470 personae,
709 4393 852 4455 alterum
867 4395 1040 4456 nominum
1051 4395 1416 4475 propriorumquorum

250 4525 384 4600 singula
400 4525 542 4603 singulis
559 4526 788 4590 tantummodo
809 4529 965 4607 personis
990 4528 1205 4591 conveniant.
1233 4529 1280 4589 Ea
1303 4532 1415 4590 aulem

248 4658 411 4736 definitio,
442 4665 480 4721 ut
503 4659 653 4738 linguam
676 4661 804 4739 logicae
833 4664 998 4743 propriam
1025 4681 1239 4743 usurpemus,
1261 4681 1324 4726 nec
1351 4667 1415 4726 solt
