3336 5430
542 1511 751 1607 CAPUT
800 1513 1146 1610 SECUNDUM

381 1982 440 2044 De
467 1980 704 2044 nominibus
732 1996 837 2059 quae
866 1980 993 2045 Iliade
1022 1979 1294 2045 continentur.

297 2329 386 2399 Quae
410 2329 444 2390 in
469 2326 571 2390 Iliade
595 2328 661 2405 legi
686 2333 830 2409 possunt
853 2329 894 2391 dc
918 2330 1048 2391 ratione
1073 2348 1140 2411 qua
1168 2331 1327 2411 imposita
1353 2332 1424 2394 sint

193 2489 195 2492 ι
255 2445 404 2519 nomina,
429 2444 589 2524 pauciora
611 2448 690 2506 sunt
710 2461 812 2525 quam
833 2449 872 2506 ut
891 2449 1020 2507 certum
1044 2445 1169 2527 aliquid
1183 2445 1260 2509 inde
1282 2447 1424 2509 conclu-

250 2558 358 2622 datur.
376 2560 413 2622 ln
433 2576 501 2621 uno
519 2563 650 2622 tantum
665 2559 739 2622 loco
760 2560 869 2638 agitur
887 2561 928 2623 de
951 2562 1085 2624 nomine
1102 2563 1190 2641 quod
1206 2561 1276 2624 filio
1297 2560 1422 2624 infanti

249 2680 346 2758 pater
362 2677 535 2758 imponere
551 2674 681 2738 solebat
697 2695 704 2737 ε

351 2936 352 2939 ¹
448 2868 495 2925 τόν
512 2869 539 2949 ρ’
556 2863 671 2948 Ἕκτωρ
688 2865 825 2924 καλέεσκε
842 2864 1048 2948 Σκαμάνδριον,
1067 2863 1152 2948 αὐτάρ
1169 2871 1194 2925 οἱ
1209 2865 1288 2925 άλλοι

454 2978 647 3040 Ἀστυάνακτ’
1086 2982 1109 3042 Ζ
1124 2983 1270 3042 lot-403.

286 3195 416 3258 Nomen
433 3195 546 3255 autem
562 3196 689 3272 epatre
706 3192 756 3254 sic
766 3193 964 3272 impositum
975 3192 1102 3254 nomini
1115 3193 1212 3256 alteri
1222 3193 1416 3274 opponitur.

248 3311 357 3374 Primo
373 3309 510 3392 quidem
530 3313 678 3389 aspectu,
697 3326 736 3371 eo
758 3325 859 3371 versu
881 3307 1060 3390 probatum
1083 3326 1157 3372 esse
1181 3308 1333 3372 videatur
1355 3326 1418 3372 no-

246 3428 339 3489 mina
353 3444 421 3489 non
437 3425 505 3488 fixa
520 3443 606 3488 esse.
624 3425 720 3487 Sede
736 3442 838 3487 versu
853 3427 883 3486 X
899 3427 969 3491 506ο
983 3423 1200 3488 manifestum
1221 3429 1270 3487 est
1289 3428 1416 3506 Astya-

246 3546 343 3606 nacta
359 3543 441 3605 nihil
457 3543 547 3604 aliud
562 3559 634 3605 csse
649 3541 715 3604 nisi
730 3557 917 3619 cognomen
934 3561 941 3602 :

450 3728 607 3799 Ἀστυάναξ
622 3735 651 3790 ὃν
667 3733 761 3812 Τρῶες
776 3731 923 3808 ἐπίκλησιν
941 3730 1099 3790 καλέουσιν.

283 3946 474 4025 Cognomen
489 3948 604 4006 autem
619 3961 638 4005 a
651 3944 786 4006 nomine
802 3960 932 4023 semper
950 3942 1146 4005 distinctum
1166 3959 1241 4006 esse
1262 3946 1411 4024 apparet,

243 4061 387 4142 exempli
401 4063 508 4140 gratia
522 4059 582 4123 ubi
596 4059 719 4123 dicitur
733 4062 763 4123 H
778 4060 911 4123 l3l-lll
932 4079 939 4120 :

441 4251 499 4308 δίου
520 4247 685 4332 Ἀρηϊθόου,
702 4253 750 4307 τὸν
767 4249 913 4327 ἐπίκλησιν
929 4249 1098 4329 Κορυνήτην

442 4364 538 4448 ἄνδρες
553 4369 708 4445 κίκλησκον
725 4367 894 4434 καλλίζωνοί
906 4388 937 4423 τε
953 4373 1092 4443 γυναῖκες,

443 4482 539 4543 οὕνεκ’
557 4481 604 4566 ἄρ’
621 4481 652 4543 οὐ
667 4483 770 4553 τόξοισι
787 4483 947 4564 μαχέσκετο
964 4482 1038 4563 δουρί
1053 4504 1084 4539 τε
1100 4491 1209 4564 μακρῷ,
1312 4495 1313 4498 ’

444 4597 516 4659 ἀλλὰ
530 4601 658 4684 σιδηρείη
674 4603 776 4682 κορύνη
794 4598 931 4682 ῥήγνυσκε
945 4596 1099 4680 φάλαγγας.
