3336 5430
286 783 417 852 Φαιστός,
434 785 457 838 Β
472 780 542 843 648.

286 895 435 969 detmari
452 897 637 971 Maronem,
655 901 679 956 Ε
694 897 744 960 43.

326 1088 352 1149 Ε
365 1087 494 1150 Troade
512 1107 519 1149 ε

287 1250 430 1327 Πήδασος,
448 1253 468 1308 Ζ
485 1249 542 1310 35:
561 1252 695 1328 Πήδασον
712 1250 850 1329 αἰπεινήν.

286 1367 431 1442 Πήδασον,
458 1365 654 1445 Trojanum‚
679 1371 699 1426 Z
724 1369 770 1427 21.
793 1367 924 1428 Nomen
946 1367 1030 1428 illud
1052 1366 1143 1447 quod
1164 1369 1199 1428 in
1221 1366 1293 1429 sola
1313 1366 1415 1427 Iliade

246 1479 379 1557 legitur,
396 1497 520 1543 nomen
538 1486 572 1544 et
587 1483 664 1562 equi
680 1482 820 1545 Achillis
835 1486 887 1544 est
902 1488 930 1542 Π
945 1483 1015 1545 467.

326 1670 352 1730 Ε
368 1668 483 1731 Cilicia
500 1691 506 1729 :

289 1832 459 1912 Σαρπηδών,
477 1828 567 1908 apud
582 1829 768 1910 Scylacem,
787 1830 856 1892 102.

289 1950 460 2030 Σαρπηδών,
474 1946 654 2028 Lyciorum
668 1947 747 2025 dux,
760 1954 783 2007 B
800 1948 857 2011 876
874 1952 951 2025 etc,
965 1951 1023 2030 qui
1038 1967 1056 2011 e
1072 1949 1214 2012 Cretain
1224 1949 1375 2030 Lyciam,
1388 1951 1417 2012 si

247 2062 418 2126 Herodoto
433 2063 470 2144 (I,
487 2062 559 2142 173)
574 2061 766 2140 credideris,
783 2065 887 2127 venit.

287 2253 425 2333 Aliquot
441 2239 577 2313 nomina
590 2250 766 2313 hominum
781 2251 898 2314 eadem
914 2255 993 2315 sunt
1013 2269 1053 2315 ac
1072 2250 1251 2314 fluminum
1269 2254 1415 2317 nomina.

248 2375 355 2449 Aegre
391 2367 589 2431 crediderim
623 2369 769 2450 aliquam
801 2371 955 2432 locorum
987 2371 1342 2433 commemorationem
1375 2372 1417 2434 iis

248 2483 443 2548 nominibus
477 2487 684 2547 asservatam
718 2501 804 2561 esse,
839 2502 917 2547 nam
950 2487 985 2548 in
1017 2485 1143 2562 linguis
1175 2486 1419 2550 recentioribus

248 2603 424 2664 nominum
455 2618 542 2682 quae
572 2618 611 2663 eo
640 2600 739 2663 modo
765 2600 907 2664 formata
934 2604 1000 2665 sint
1029 2603 1184 2683 exempla
1211 2605 1419 2684 paucissima

249 2719 470 2797 reperiuntur.
498 2718 656 2779 Attamen
679 2734 756 2780 cum
778 2718 905 2783 nemini
928 2736 994 2780 non
1016 2721 1224 2798 compertum
1244 2719 1364 2780 sitdiu
1385 2721 1419 2781 ct

247 2832 376 2913 ubique
405 2830 495 2911 apud
525 2835 655 2927 veteres
684 2833 833 2910 viguisse
866 2834 1147 2897 consuetudinem
1177 2835 1275 2915 aquis
1304 2833 1418 2897 cultus

248 2949 442 3027 adhibendi,
461 2951 487 3012 si
503 2950 639 3031 quando
655 2949 834 3013 fluminum
852 2953 988 3014 nomina
1008 2951 1049 3014 ad
1067 2951 1221 3016 homines
1236 2952 1416 3030 designan-

250 3067 310 3129 dos
338 3070 514 3147 assumpta
537 3071 626 3141 sunt,
651 3067 685 3128 id
708 3069 784 3149 piae
807 3070 931 3132 mentis
956 3068 1098 3132 consilio
1121 3067 1235 3132 forsan
1261 3069 1418 3133 effectum

249 3201 325 3246 esse
340 3201 408 3246 non
424 3185 629 3262 negaverim.

292 3382 482 3443 Fluminum
497 3383 635 3444 nomina
649 3381 733 3446 haec
749 3386 829 3444 sunt
845 3401 852 3443 :

329 3544 354 3604 E
369 3543 495 3605 Troade
512 3561 519 3604 :

294 3705 408 3782 Ῥῆσος,
426 3709 455 3763 Μ
471 3704 519 3766 20.

295 3821 404 3894 Ῥῆσος,
427 3820 593 3881 Thracum
613 3837 683 3894 rex,
704 3825 731 3879 K
750 3821 820 3883 435.
842 3820 972 3882 Pottius
992 3824 1104 3882 autem
1119 3837 1242 3883 nomen
1257 3823 1359 3885 Rhesi
1375 3821 1418 3885 ad

249 3955 472 4015 neograecum
483 3945 569 4021 ῥῆσον
579 3935 688 4007 refert,
701 3936 790 4016 quod
800 3933 1001 3998 vocabulum
1011 3952 1072 4017 pro
1083 3937 1167 4000 chao
1178 3941 1243 4014 est3
1257 3936 1298 4001 cf.
1311 3954 1414 4015 germ.

247 4057 369 4116 Luchs,

219 4208 223 4220 “
290 4245 397 4311 Arca,
416 4238 947 4319 apudsrrahonem‚x111,r,44.

280 4535 302 4584 1.
328 4535 410 4584 Schol.
435 4534 456 4581 A
478 4534 507 4582 ad
531 4533 550 4580 E
571 4531 601 4580 43
624 4547 629 4579 :
653 4534 852 4597 ποοπερισπᾶται
875 4536 914 4584 ἐπὶ
944 4540 988 4584 τοῦ
1012 4530 1104 4599 ἥρωος,
1128 4535 1167 4584 ἐπὶ
1191 4535 1217 4584 δὲ
1248 4541 1290 4597 τῆς
1321 4537 1416 4592 πόλεως

250 4612 370 4674 ὀξύνεται.
