3336 5430
655 1567 999 1664 GONGLUSIO

288 2219 336 2279 Ex
359 2217 579 2298 inquisitione
606 2231 706 2296 quam
735 2220 870 2294 sumpto
902 2215 1048 2276 carmine
1073 2214 1175 2276 iliaco
1199 2213 1326 2277 finibus
1351 2232 1419 2278 nou

250 2334 465 2414 amplissimis
488 2332 830 2425 circumscripsimus
853 2329 1027 2394 conclusio
1047 2332 1152 2394 oritur
1176 2347 1264 2410 quae
1292 2331 1419 2394 eiectae

247 2450 407 2514 materiae
424 2451 517 2512 nulio
543 2448 643 2513 modo
659 2451 702 2511 sit
718 2448 909 2528 peculiaris.
935 2449 1017 2510 Cum
1040 2449 1178 2511 nomina
1198 2465 1418 2528 personarum

250 2567 417 2649 permulta
431 2565 529 2629 nobis
552 2567 771 2630 tradidissent
787 2571 818 2629 et
836 2567 1017 2646 scriptores
1034 2571 1067 2628 et
1082 2566 1184 2637 tituli,
1207 2565 1289 2627 nihil
1305 2565 1419 2646 prohi-

250 2683 352 2748 bebat
379 2685 563 2764 quominus
584 2684 668 2746 ratio
693 2685 831 2746 nomina
855 2683 1051 2764 imponendi
1075 2701 1144 2747 una
1167 2685 1292 2765 unique
1317 2688 1417 2749 aetati

248 2798 426 2861 tribuenda
456 2800 612 2863 consulto
641 2803 871 2879 seponeretur.
898 2800 963 2864 Sed
987 2819 1027 2863 ea
1050 2801 1224 2880 inquisitio
1249 2800 1289 2864 de
1314 2803 1361 2866 eis
1384 2803 1418 2864 in

247 2916 349 2979 iliade
364 2934 586 2997 personarum
601 2915 794 2980 nominibus
814 2935 899 2998 quae
921 2934 988 2980 non
1008 2935 1170 2997 personas
1185 2917 1418 2981 tantummodo

249 3033 466 3110 designarent
480 3033 565 3096 nihil
580 3035 616 3093 in
629 3033 742 3095 lucem
757 3034 895 3112 protulit
906 3034 995 3114 quod
1005 3051 1073 3097 non
1085 3035 1278 3114 protulisset
1295 3037 1420 3115 pariter

247 3150 424 3230 inquisitio
440 3149 556 3212 eadem
572 3149 663 3211 aliud
683 3149 858 3230 quodlibet
877 3167 960 3230 opus
977 3151 1132 3230 amplexa
1154 3171 1160 3212 :
1183 3152 1238 3213 vix
1259 3153 1292 3213 id
1311 3169 1417 3214 unum

249 3284 401 3329 asserere
430 3267 616 3329 audeamus
646 3267 806 3330 Graecam
830 3268 969 3329 nomina
992 3267 1187 3348 imponendi
1210 3270 1375 3331 rationem
1399 3289 1419 3330 a

249 3386 347 3460 poeta
362 3383 498 3463 populis
515 3382 699 3446 adhibitam
719 3401 790 3447 esse
811 3384 869 3464 qui
890 3401 1012 3461 genere
1028 3399 1095 3446 non
1110 3385 1238 3459 Graeci,
1259 3388 1361 3448 immo
1377 3404 1419 3448 ne

249 3498 493 3579 indoeuropaei
522 3500 660 3580 quidem
687 3500 831 3563 fortasse
862 3505 991 3577 essent,
1023 3505 1059 3561 ut
1088 3501 1271 3564 verisimile
1299 3506 1351 3564 est
1378 3503 1419 3564 de

248 3612 388 3679 Caribus
404 3619 437 3676 et
453 3614 494 3677 de
514 3614 695 3692 Lelegibus
716 3619 748 3677 et
769 3614 884 3678 forsan
904 3616 946 3678 de
966 3616 1068 3697 Lydis
1088 3619 1147 3697 qui
1165 3617 1293 3694 origine
1309 3619 1416 3680 Semi-

248 3730 306 3791 tici
329 3748 398 3793 non
422 3736 546 3795 temere
572 3731 652 3795 dicti
678 3736 768 3809 sunt,
794 3731 981 3814 eodemque
1005 3732 1104 3796 modo
1128 3733 1169 3797 de
1193 3733 1351 3812 Pelasgis,
1378 3733 1418 3794 de

248 3848 362 3928 Lyciis
374 3846 489 3910 forsan
506 3848 594 3910 etde
610 3850 715 3930 Mysis
730 3867 815 3931 quos
829 3850 1095 3928 lndoeuropaeos
1106 3868 1175 3913 non
1186 3868 1262 3914 esse
1272 3855 1417 3913 constat.

289 3964 325 4026 id
343 3981 442 4043 opere
456 3970 571 4027 nostro
584 3963 861 4029 manifestissime
873 3965 1128 4045 comprobatum
1140 3984 1211 4029 esse
1223 3983 1292 4029 non
1303 3967 1420 4026 imme-

250 4081 313 4142 rito
329 4081 582 4167 existimaveris,
595 4081 684 4160 quod
699 4081 836 4162 quidem
851 4082 1050 4143 nonminus
1062 4080 1296 4161 comprobaret
1307 4082 1419 4160 quivis

250 4195 291 4257 de
307 4197 434 4258 Graeca
448 4199 579 4260 ratione
595 4198 733 4259 nomina
747 4197 941 4273 imponendi
956 4199 1125 4278 inquirere
1142 4197 1313 4269 voluisset,
1327 4197 1421 4258 nulia

251 4313 381 4376 scilicet
396 4315 501 4376 autin
517 4316 643 4376 Graeca
659 4315 767 4375 autin
783 4313 849 4376 alia
863 4314 980 4390 lingua
995 4315 1133 4375 nomina
1152 4331 1225 4376 esse
1240 4330 1325 4393 qnae
1342 4330 1420 4374 vere

250 4432 386 4510 propria
400 4429 556 4493 dicantur
572 4448 683 4510 neque
699 4431 800 4491 aliam
819 4429 862 4493 ob
883 4447 1022 4492 causam
1042 4447 1192 4510 unquam
1208 4428 1422 4510 proferantur

253 4547 319 4608 nisi
335 4550 372 4608 ut
388 4564 552 4627 personas
568 4546 741 4625 designent
758 4564 777 4609 a
792 4547 914 4610 ceteris
929 4547 1081 4627 personis
1096 4547 1282 4609 distinctas.
1300 4547 1420 4616 Quam·

252 4663 310 4725 diu
325 4664 512 4727 hereditate
528 4681 596 4726 non
612 4663 754 4726 traditur
769 4667 801 4726 et
817 4664 959 4740 singuiis
975 4667 1093 4725 contra
1109 4664 1261 4743 personis
1271 4662 1421 4724 vicissim

1329 4797 1342 4838 a
