3336 5430
332 808 484 872 Abantes
500 828 507 870 :

291 963 490 1038 *Χαλκώδωη
512 964 607 1044 pater
631 961 862 1044 ElephencriS,
886 960 1057 1024 Abanlum
1081 960 1187 1035 ducis,
1213 961 1272 1040 qui
1296 960 1426 1023 dicitur

250 1079 515 1157 Χαλκωδοντιάδης,
528 1082 550 1136 Β
567 1078 636 1140 541.
654 1079 810 1139 Attamen
823 1075 1078 1154 Χαλκωδοντιάδης
1093 1075 1202 1155 polius
1216 1074 1258 1136 ad
1272 1075 1424 1135 *Χαλκω-

251 1196 354 1263 δόντιος
368 1212 470 1275 quam
483 1193 525 1256 ad
539 1194 701 1254 Χαλκώδων
717 1190 929 1256 reiciendum
945 1209 1017 1254 esse
1035 1191 1178 1254 videtur.
1196 1191 1314 1253 Omnia
1329 1193 1425 1254 enim

250 1311 285 1372 in
309 1311 407 1390 -ιάδης
431 1311 590 1374 exeuntia
612 1309 846 1391 patronymica
870 1308 911 1370 ad
935 1307 1072 1371 nomina
1093 1308 1129 1369 in
1153 1333 1210 1376 -ιος
1234 1307 1427 1370 desinentia

249 1428 429 1506 pertinent,
460 1426 571 1498 Ἄσιος,
602 1426 739 1505 Ασιάδης,
772 1429 957 1504 Ἀσκληπιος,
991 1424 1219 1503 Ἀσκληπιάδης,
1252 1424 1421 1503 Ἀτύμνιος,

254 1541 458 1621 Ἀτυμνιάδης.
468 1544 725 1620 *Χαλκωδοντίδης
735 1558 813 1603 vero
829 1539 920 1622 quod
935 1540 1121 1616 legitimum
1135 1537 1267 1614 fuisset,
1289 1554 1372 1601 cum
1386 1538 1425 1600 in

249 1633 383 1721 versum
393 1656 509 1721 induci
520 1675 586 1720 non
599 1661 724 1738 posset,
740 1658 777 1718 in
791 1656 1045 1734 Χαλκωδοντιάδης
1059 1658 1226 1718 mutatum
1240 1660 1300 1718 est.
1319 1655 1425 1735 Ejus-

248 1775 337 1838 modi
353 1779 434 1838 suni
452 1775 664 1859 Κρειοντιάδης,
681 1773 939 1852 Λαομεδοντιάδης,
966 1772 1197 1853 Τελαμωνιάδης,
1220 1771 1424 1856 Φηρητιάδης.

327 1961 501 2024 Salaminii
521 1981 527 2022 :

287 2108 435 2185 Τελαμών,
453 2103 701 2166 Salaminorum
716 2120 787 2177 rex,
803 2103 831 2165 N
848 2102 916 2174 177.
943 2103 1041 2183 cujus
1057 2100 1118 2164 lilii
1133 2104 1212 2165 suni
1234 2105 1427 2183 Τελαμώνιος

246 2227 378 2306 Τεῦκρος,
397 2224 576 2300 Τελαμώνιος
591 2219 644 2282 vel
662 2220 884 2300 Τελαμωνιάδης
899 2224 982 2287 Αἴας.

286 2341 418 2420 Τεῦκρος,
435 2336 627 2399 Telamonis
643 2334 745 2411 filius,
760 2336 784 2396 Z
800 2334 849 2397 31.

326 2516 477 2596 Sicyonii
495 2534 502 2578 τ

285 2658 459 2741 Ἄδρηστος,
477 2675 535 2719 rex
551 2656 715 2738 Sicyonis,
732 2657 758 2717 B
774 2658 843 2733 572,
860 2660 955 2735 pater
969 2657 1136 2733 Aegialos,
1153 2656 1265 2720 nlla.

290 2773 457 2856 Ἐχέπωλος
480 2773 678 2855 Ἀγχισιάδης,
696 2778 728 2832 Ψ
743 2773 813 2851 296,
830 2774 1114 2850 Agamemnonem
1131 2791 1217 2854 equo
1233 2772 1348 2837 donat.

326 2943 472 3021 Argivus
489 2961 496 3004 :

283 3088 437 3171 Εὐρύαλος,
453 3091 477 3145 Β
494 3087 562 3160 565,
582 3083 672 3147 filius
688 3086 838 3148 Mecisiei
854 3086 1085 3162 Talaeonidae,
1102 3086 1302 3164 Argivorum
1323 3085 1410 3153 dux.

323 3259 548 3339 Mycenenses
566 3275 573 3317 :

284 3399 463 3485 Εὐρυάάτης,
481 3416 603 3481 praeco
618 3401 652 3460 ei
665 3398 812 3462 famulus
826 3401 1098 3478 Agamemnonis,
1115 3403 1143 3462 A
1158 3404 1226 3466 320.

283 3515 466 3600 Εὐρυμέδων,
485 3514 575 3578 filius
592 3515 774 3578 Ptolemaei
792 3515 954 3595 Piraidae,
975 3514 1119 3579 famulus
1137 3519 1411 3595 Agamemnonis,

243 3639 266 3694 A
282 3633 351 3697 228.

322 3811 471 3889 Argolici
488 3831 495 3872 z

288 3955 416 4040 Ἀτρεύς,
434 3957 528 4033 pater
541 3956 803 4032 Agamemnonis
819 3960 851 4020 et
867 3957 1022 4033 Menelai,
1039 3960 1064 4020 B
1079 3959 1148 4024 106.

282 4072 422 4149 Θυέστης,
439 4071 572 4150 Pelopis
588 4070 690 4146 lilius,
706 4073 799 4135 Atrei
814 4071 926 4149 frater,
944 4078 1037 4153 paler
1050 4075 1210 4153 Aegisthi,
1226 4077 1251 4137 Β
1267 4078 1340 4142 106.

271 4313 273 4317 ⁴
325 4239 607 4304 Lacedaemonii:

282 4383 414 4468 Κάστωρ,
432 4383 521 4447 filius
537 4385 645 4447 Ledae
665 4389 699 4448 ei
713 4385 890 4467 Tyndarei,
907 4385 1009 4449 frater
1028 4388 1174 4454 Pollucis
1194 4392 1228 4452 et
1247 4389 1409 4468 Helenae,

243 4503 265 4557 Γ
280 4500 348 4562 237.

282 4619 476 4696 Πολυδεύκης,
494 4617 637 4679 Castoris
653 4615 765 4691 frater,
783 4624 805 4678 Γ
820 4619 889 4683 237.
