3336 5430
691 579 851 638 ..15-

186 791 375 854 communis
390 787 546 852 vocabuli
562 789 760 851 differentia.
779 790 873 851 Hanc
890 793 1001 850 autern
1018 787 1252 861 differentiam,
1266 786 1356 867 quod

187 909 306 972 attinet
325 906 366 969 ad
384 903 534 983 Iliadem,
557 923 634 968 cum
658 905 816 968 adessent
835 904 1053 966 condiciones
1069 902 1235 984 quaedam
1250 919 1355 982 pecn-

186 1026 295 1096 liares‚
310 1023 450 1086 sortasse
462 1039 528 1084 non
539 1040 580 1084 ex
595 1023 670 1101 ipsa
682 1021 815 1098 linguae
827 1025 947 1083 natura
958 1018 1157 1096 effloruisse,
1174 1019 1232 1082 sed
1242 1019 1356 1098 potius
1422 1060 1428 1077 f

186 1141 480 1218 grammaticorum
496 1143 566 1200 arte
587 1143 619 1200 et
642 1136 795 1200 doctrina
816 1138 939 1218 passim
958 1136 1105 1200 effictam
1121 1155 1196 1200 esse
1216 1153 1285 1198 non
1303 1139 1354 1222 te-

187 1275 278 1319 ruere
303 1255 470 1319 credatur.
497 1253 561 1318 Sed
590 1255 765 1335 inquisitio
787 1253 978 1330 diligentior
1002 1254 1080 1326 erit,
1105 1251 1282 1315 vocabulis
1306 1254 1355 1315 eis

185 1391 272 1453 quae
302 1371 463 1453 propositi
488 1369 599 1450 operis
626 1367 752 1432 finibus
777 1373 856 1432 sunt
882 1370 1138 1450 circumscripta
1162 1369 1355 1447 singulariis

186 1489 336 1551 vicissim
352 1487 553 1569 dijudicatis.
680 1563 682 1568 ι

225 1605 274 1666 De
291 1602 481 1667 nominibus
496 1621 588 1666 nnnc
606 1621 745 1682 agamus
760 1603 892 1683 quaein
903 1602 1005 1665 Iliade
1018 1606 1161 1666 accentu
1173 1603 1354 1667 avocabu-

186 1721 228 1782 lis
245 1717 476 1783 consimilibus
493 1718 662 1781 differunt.
681 1719 863 1780 Nominum
878 1718 1013 1780 illorum
1026 1718 1092 1780 duo
1107 1735 1231 1796 genera
1246 1726 1329 1784 sunt
1346 1741 1353 1782 :

226 1837 256 1899 1ο
278 1836 469 1916 Oxytonum
480 1833 744 1897 estvocabulum
755 1851 945 1908 commune,
958 1834 1092 1913 proprio
1103 1837 1216 1898 autem
1229 1837 1355 1900 nomini

185 1956 347 2014 accentus
362 1954 548 2015 retroactus
563 1951 756 2031 imponitur.

226 2073 257 2131 2⁰
268 2068 460 2148 Oxytonum
472 2070 523 2129 est
538 2083 661 2128 nomen
672 2066 842 2145 proprium
852 2083 1036 2147 rursusque
1050 2065 1254 2129 vocabulum
1266 2085 1353 2130 com·

188 2201 291 2246 mune
306 2186 483 2245 accentum
499 2181 600 2244 habet
616 2185 829 2244 retroactum.

227 2299 330 2362 Priori
350 2300 525 2361 nominum
548 2299 663 2376 generi
687 2316 778 2361 nune
800 2316 937 2377 operam
962 2296 1088 2361 demus.
1106 2299 1251 2361 Nomina
1265 2316 1352 2380 quae

186 2420 363 2478 accentum
378 2418 581 2479 retroactum
596 2413 723 2476 habent
737 2414 821 2476 haec
836 2417 913 2478 sunt
932 2433 938 2476 :

266 2601 294 2680 α)
315 2601 453 2662 nomina
469 2602 503 2661 in
519 2626 570 2679 -ης
585 2599 798 2663 desinentia:

137 2798 140 2804 .
232 2715 428 2797 Ἀγασθένεος,
445 2722 467 2775 Β
484 2717 553 2788 694,
572 2715 737 2797 ἀγασθενῆς.

227 2835 421 2903 Πολυδεύκεα,
439 2837 461 2892 Γ
477 2834 546 2909 237,
563 2834 750 2911 πολυὸευκῆς.

226 2950 382 3024 Βαθυκλῆα
397 2973 434 3001 z
448 2947 656 3025 4ΕΒαθυκλὲῆα,
675 2952 702 3006 Π
719 2947 789 3018 594,
808 2949 978 3026 βαθυκλεῆς.

234 3065 378 3142 Ἐπικλῆα
393 3089 430 3118 -ε
448 3064 463 3102 *
480 3064 652 3141 Ἐπικλέῆα,
670 3069 698 3123 Μ
714 3067 782 3133 379,
801 3062 948 3134 ἐπικλεής,

233 3181 398 3261 Ἀγακλῆος
413 3207 450 3235 τ-
466 3180 484 3218 *
501 3181 691 3259 Ἀγακλὲηος,
708 3185 736 3240 Π
752 3182 820 3252 571,
840 3179 995 3261 ἆγακλεῆς.

225 3299 404 3368 Πολυνείκεϊ,
423 3301 444 3355 Δ
461 3297 530 3374 377,
546 3297 726 3375 πολυνεικῆς.

226 3413 318 3475 Inter
332 3413 469 3474 nomina
488 3415 522 3473 in
543 3438 594 3490 -ης
613 3416 646 3473 et
664 3411 830 3492 adjectiva
849 3415 884 3474 in
907 3415 955 3488 -ής
971 3414 1087 3476 eadem
1109 3416 1270 3478 interesse
1286 3417 1352 3480 dif-

186 3526 329 3590 ferentia
354 3526 487 3589 videtur
510 3545 597 3609 quae
620 3531 672 3589 est
695 3529 782 3590 inter
805 3529 971 3592 vocabula
993 3531 1029 3592 in
1054 3557 1117 3610 -ης,
1142 3557 1198 3605 -ος,
1221 3538 1351 3618 τριήρης,

186 3646 278 3720 τέλος,
300 3661 364 3706 scr.
387 3642 494 3714 ddt'aS,
517 3648 549 3703 el
569 3642 735 3723 adjecliva
755 3645 789 3705 in
805 3671 857 3724 -ης
875 3667 882 3707 :
899 3649 1016 3730 ψευδής,
1038 3647 1079 3709 cf.
1098 3651 1209 3731 ψεῦδος,
1228 3648 1354 3734 ἀκρατής

187 3759 229 3823 cl.
252 3760 362 3844 κράτος.
387 3760 512 3822 Eodem
535 3759 632 3821 modo
654 3758 711 3822 ubi
737 3765 843 3841 -ρενής
868 3762 1074 3842 adjectivum
1101 3769 1153 3826 est
1178 3766 1211 3827 in
1235 3765 1354 3827 ultima

187 3875 318 3958 syllaba
332 3879 488 3940 acuitur:
508 3877 652 3957 δυσμενής,
675 3877 731 3940 ubi
748 3895 871 3940 nornen
887 3884 937 3941 est
953 3886 1132 3943 accentum
1149 3886 1353 3945 retroactum

186 3990 288 4055 habet
304 4012 312 4054 :
331 3995 512 4072 Δεινομένης.

267 4181 295 4262 β)
317 4182 454 4242 nomina
468 4182 503 4242 in
519 4207 565 4259 -ρς
581 4185 737 4244 exeuntia
754 4203 760 4245 :

228 4300 365 4369 Γλαῦκος,
383 4303 405 4356 Β
422 4298 478 4360 876
494 4317 500 4359 ἱ
519 4299 640 4372 Γλαῦκε,
659 4303 685 4357 Π
702 4302 779 4371 492,
797 4304 929 4380 γλαυκός.

213 4407 348 4485 Λεῦκον,
366 4417 388 4471 Δ
403 4413 478 4484 491,
496 4417 605 4481 λευκός.

233 4527 386 4612 Ὑρτάκου,
404 4534 431 4588 Ν
446 4529 524 4600 759,
549 4529 697 4611 Ὑρτακός.
737 4587 746 4617 ρ
761 4593 766 4599 ,

228 4644 345 4718 Ξάνθον,
363 4650 387 4704 Ε
403 4648 479 4717 459,
498 4643 602 4713 Εανθός.
