3262 5536
812 608 852 622 -·
872 591 954 638 XVIII
976 610 1013 623 -

327 800 536 846 verounum
564 787 692 846 tantum
719 784 842 861 legitur
869 784 1160 867 hypocoristioum
1189 806 1325 864 nomen,
1353 790 1501 871 Ἰσμηνίας

327 919 429 1000 quod.
449 919 491 982 ab
524 918 697 1003 Ἰσμήνιχος’
728 921 844 983 oritur.
871 921 1008 986 Accedit
1044 923 1135 1003 quod
1165 923 1341 988 manifesto
1379 927 1495 999 Μέδων,

327 1055 480 1138 Φράδμων,
503 1058 627 1123 Γλαῦκος
645 1056 846 1119 exstiterunt
862 1061 1042 1138 antequam
1066 1061 1181 1121 essent
1195 1058 1377 1143 Εὐρυμέδων,
1398 1062 1498 1120 Πολυ-

325 1190 468 1272 φράδμων,
504 1193 699 1268 Γλαύκιππος,
737 1208 800 1254 nec
837 1189 934 1254 facile
967 1192 1167 1256 crediderim
1192 1194 1305 1266 Μέδων,
1338 1193 1493 1276 Φράδμων,

324 1326 449 1392 Γλαῦκος
464 1324 545 1386 nihil
562 1342 637 1388 esse
652 1326 718 1388 nisi
732 1324 874 1388 formam
887 1326 1172 1408 hypocoristicam
1189 1329 1364 1391 nominum
1384 1345 1496 1409 oopu-

321 1455 465 1518 Iatorum
480 1457 661 1541 Εὐρυμέδων,
686 1459 878 1541 Ἀλκιμέδων,
896 1463 1086 1529 Γλαύκιππος.

363 1591 544 1671 Postquam
567 1594 741 1656 materiam
756 1597 905 1657 nostram
921 1593 1044 1658 finibus
1066 1595 1137 1658 suis
1153 1595 1199 1657 ita
1219 1594 1492 1675 circumscripsi-

322 1742 410 1803 mus,
422 1727 503 1807 quid
517 1728 560 1790 sit
574 1728 663 1809 quod
679 1729 825 1809 amplexi
841 1747 958 1792 sumus
970 1730 1040 1811 Jam
1056 1747 1146 1792 nuno
1161 1729 1404 1812 quaerendum.

362 1858 394 1920 Si
419 1861 507 1942 quis,
526 1861 632 1925 electa
653 1863 798 1943 quadam
822 1868 941 1938 aetate,
968 1864 1151 1945 quaesierit
1188 1880 1355 1945 quaenam
1388 1860 1490 1926 fuerit

322 2013 361 2058 eo
390 1996 600 2076 potissimum
642 2002 790 2078 tempore
828 2000 1003 2061 nominum
1041 2017 1171 2062 summa
1199 1998 1288 2080 apud
1327 1998 1492 2079 populum

321 2130 500 2210 quemdam
523 2131 716 2196 hominibus
740 2134 955 2212 designandis
979 2133 1216 2209 adhibitorum,
1235 2135 1265 2196 ei
1280 2136 1364 2195 tuuc
1384 2149 1490 2212 appa-

322 2262 409 2325 rebit
424 2279 465 2325 ea
478 2263 617 2326 nomina
630 2265 717 2327 inter
731 2263 798 2328 duo
812 2282 935 2343 genera
954 2265 1057 2329 dividi
1072 2283 1182 2346 posse.
1199 2265 1274 2328 Alia
1293 2264 1394 2339 enim,
1412 2279 1491 2326 cunr

325 2400 393 2462 sint
412 2402 471 2459 aut
493 2396 610 2460 cadem
635 2416 674 2461 ao
699 2398 864 2462 vocabula
887 2401 1078 2463 communia
1103 2400 1157 2462 vel
1181 2400 1319 2462 nomina
1338 2398 1492 2461 locorum
1544 2377 1548 2385 ’

324 2533 410 2613 apud
434 2534 595 2614 populum
623 2533 774 2597 nondum
801 2534 965 2612 obsoleta,
990 2540 1048 2598 aut
1075 2536 1193 2600 saltem
1222 2536 1272 2598 eis
1295 2531 1493 2597 nominibus

322 2669 476 2744 cognata,
501 2664 782 2742 significationem
802 2666 928 2730 habent
952 2685 1020 2731 non
1045 2667 1249 2747 ambiguam.
1276 2668 1350 2729 Alia
1375 2670 1495 2729 contra

323 2801 450 2863 nullam
471 2799 596 2862 habent
623 2799 905 2878 significationem
922 2806 953 2866 et
976 2803 1058 2864 nihil
1075 2803 1187 2866 animo
1205 2799 1386 2866 ostendere
1412 2817 1493 2882 pos-

324 2939 403 3000 sunt
436 2934 501 2997 uisi
533 2950 713 3014 personam
740 2935 849 3015 ipsam
878 2954 979 3018 quam
1008 2936 1195 3016 designant.
1225 2937 1348 2999 Eorum
1380 2938 1495 2998 autem

323 3071 499 3136 nominum
513 3069 578 3132 alia
593 3072 672 3133 sunt
687 3070 815 3147 origine
832 3073 1017 3152 peregrina,
1036 3073 1100 3135 alia
1116 3091 1157 3136 cx
1172 3091 1211 3136 ea
1225 3069 1362 3154 quidem
1378 3070 1495 3148 lingua

324 3208 396 3269 orta
422 3206 500 3268 suni
522 3220 588 3283 qua
611 3203 718 3264 utitur
741 3206 888 3285 populus
914 3207 1000 3286 apud
1025 3225 1127 3288 quern
1152 3208 1371 3287 usurpantur,
1393 3203 1451 3268 sed
1476 3221 1494 3266 e

326 3335 568 3402 consuetudine
589 3335 788 3416 jampridem
812 3338 1018 3404 ceciderunt.

366 3477 407 3537 nt
431 3490 506 3536 eam
529 3472 779 3538 distinctionem
802 3476 910 3556 primo
935 3474 1071 3557 quidem
1094 3478 1234 3556 aspectu
1266 3472 1494 3550 manifestam,

327 3627 394 3675 non
418 3612 487 3671 tam
507 3605 642 3671 erebus
655 3609 739 3689 ipsis
765 3628 867 3692 quam
885 3627 902 3672 e
923 3588 1037 3673 rerum
1053 3610 1165 3690 specie
1195 3612 1350 3673 constare
1376 3607 1496 3670 merito

327 3746 460 3810 dixeris.
489 3742 559 3807 Etsi
589 3744 678 3808 enim
702 3745 827 3826 proprii
850 3742 1027 3825 cujusdam
1052 3744 1200 3807 nominis
1224 3741 1425 3823 significatio
1447 3743 1496 3804 cst

326 3882 516 3963 perspicua,
546 3879 717 3944 oblivione
745 3883 857 3941 tamen
886 3895 964 3942 mox
993 3878 1167 3959 premitur,
1195 3894 1274 3940 nam
1303 3893 1342 3939 ea
1372 3875 1497 3937 mentis

326 4013 498 4077 inclinatio
527 4016 577 4076 est
609 4015 646 4075 ut
677 4028 736 4094 pro
761 4012 898 4074 notione
928 4029 1031 4093 quam
1053 4028 1177 4074 nomen
1206 4011 1362 4091 exprimit
1388 4010 1498 4090 ipsam

327 4148 439 4228 potins
456 4164 635 4229 personam
649 4145 824 4224 intellegat
843 4146 941 4226 cujus
953 4162 1060 4208 unum
1075 4143 1307 4208 tantummodo
1323 4144 1427 4206 animi
1443 4144 1497 4206 vel

328 4283 478 4363 corporis
494 4281 620 4345 bonum
635 4281 804 4343 malumve
829 4281 965 4343 nomine
990 4278 1211 4359 signiticatur.
1230 4280 1407 4341 Praeterea
1434 4293 1497 4340 no·

328 4434 406 4480 men
431 4419 540 4480 aetate
560 4415 705 4498 quadam
728 4413 926 4495 significans
941 4418 1018 4495 post
1038 4430 1145 4477 annos
1166 4431 1293 4494 paucos
1315 4412 1374 4476 ubi
1398 4428 1498 4475 nemo

361 4703 382 4752 i.
399 4700 588 4761 Achomencec,
602 4699 658 4763 861,
672 4699 727 4751 954.
