3336 5430
748 552 906 615 -44-

244 766 343 844 ὅάζης,
361 766 544 845 Μεγαὸάτης,
563 765 759 848 Μεγαὸἑρνης,
790 765 966 845 Μεγαὸυζος,
993 771 1190 849 lupellum,
1222 777 1428 860 Μεγασῶρας,

243 882 451 966 Μεγαφέρνηςὶ.
469 884 626 944 Attamen
642 881 684 944 ol'.
703 881 759 943 lat.
777 885 953 958 Mopsum,
970 901 1073 960 germ.
1092 889 1199 962 Hoclt,
1218 894 1330 967 Lcnp.

283 1071 422 1155 εὐφύαλος,
438 1072 581 1152 amplus,
589 1070 630 1132 de
642 1070 776 1147 regione
788 1070 920 1146 dicitur,
930 1074 1019 1152 apud
1031 1075 1321 1154 Oppianum,Hal.
1331 1080 1428 1153 aaa.

284 1189 439 1271 Εὐρύαλος,
470 1188 669 1266 Argivorum
697 1186 781 1261 dux,
811 1189 836 1249 Β
865 1187 933 1260 565,
960 1188 1002 1252 ol.
1029 1191 1085 1253 lat.
1116 1195 1300 1270 Crassum,
1338 1197 1427 1274 gall.

243 1309 399 1382 Letorpe
415 1303 552 1381 Lepros,
569 1319 672 1380 germ.
689 1306 801 1365 Dicite.

284 1492 428 1576 εὔφορὸος,
444 1489 529 1553 belle
546 1492 711 1552 nutritus:
725 1489 838 1565 ἀγέλαις
853 1495 923 1571 βοῶν
941 1491 1109 1576 εὐφόρὸοισι,
1123 1495 1212 1575 apud
1228 1497 1425 1581 Orpbeum‚

247 1614 340 1672 Terr.
357 1612 438 1671 uzol.
455 1609 505 1670 65.

282 1725 439 1810 Εὔφοφὸος,
455 1723 642 1803 Dardanus,
661 1729 688 1783 Π
702 1723 770 1788 808.
788 1723 835 1787 Cf.
852 1741 955 1801 germ.
975 1727 1076 1789 Felie.

282 1915 356 1977 Alia
371 1918 485 1977 aulem
499 1920 568 1974 vim
583 1911 776 1991 significant
792 1933 799 1975 ε
997 1988 1000 1992 ,

283 2032 410 2112 ἄλκιμος,
428 2029 559 2103 firmus,
577 2030 696 2109 ἄλκιμος
715 2032 795 2108 Αἴας,
813 2031 845 2092 Μ
862 2029 930 2093 349.

283 2148 437 2228 Ἄλκιμος,
456 2146 630 2226 Myrmid0,
648 2145 672 2206 'l
688 2145 756 2220 392,
778 2150 804 2204 Ω
824 2146 893 2221 474,
911 2146 979 2209 574.
1003 2143 1048 2208 cl.
1068 2146 1123 2210 lat.
1143 2151 1313 2224 Firmum,
1331 2151 1418 2228 gall.

242 2266 372 2340 Lcsori‚
389 2281 490 2342 germ.
507 2265 618 2325 Stare.

283 2454 445 2535 ἀγασθσνής,
464 2472 480 2512 ι(
497 2451 594 2515 valde
610 2449 770 2514 robustus
787 2470 815 2526 a,
833 2449 922 2530 apud
936 2450 1138 2530 Oppianum,
1156 2455 1251 2527 Gya„
1268 2453 1310 2526 ll,
1331 2454 1362 2516 3.

289 2572 487 2653 Ἀγασθένεος,
509 2568 636 2640 Graeci,
657 2568 682 2628 B
702 2568 771 2630 624.
794 2568 865 2628 Hoc
885 2583 1006 2628 nomen
1030 2584 1197 2648 nusquam
1216 2566 1296 2631 alibi
1312 2586 1421 2650 repe-

244 2691 336 2753 ritus.

282 2881 355 2960 ἴφια,
371 2872 521 2950 musta,
540 2872 566 2932 E
581 2870 658 2934 556:
674 2873 735 2954 ἴφια
751 2872 840 2950 μῆλα.

284 2992 373 3076 Ἶφις,
391 2989 535 3052 Patrocli
552 3004 650 3050 serva
664 3005 704 3048 ex
719 2986 832 3048 insula
848 2987 961 3066 Scyro,
983 2987 997 3046 Ι
1017 2987 1086 3049 ool.
1103 2985 1200 3065 Apud
1215 2988 1417 3068 Lycophro-

245 3126 322 3170 nem
339 3110 406 3185 3⁴24,
424 3107 497 3191 Ἶφις
514 3121 572 3184 pro
594 3105 743 3188 Ἰφιγένεια
757 3101 889 3163 dicitur.
909 3101 1032 3162 Eodem
1050 3100 1147 3162 modo
1170 3101 1243 3186 Ἶφις
1258 3103 1292 3164 in
1308 3104 1416 3167 iliade

244 3224 491 3306 hypocoristica
515 3220 624 3298 figura
648 3219 795 3282 nominis
824 3217 973 3298 copulati
1000 3218 1161 3301 Ἰφιάνασσα
1185 3218 1306 3300 (1145)
1334 3239 1414 3284 esse

245 3344 364 3422 potest.

286 3544 387 3609 σῶκος,
415 3528 584 3602 robustus,
610 3533 636 3589 Υ
664 3529 713 3603 72,
741 3525 782 3590 ci.
811 3537 922 3602 σωκεῖν,
947 3526 1069 3602 valere,
1097 3523 1186 3604 apud
1211 3524 1418 3606 Aeschylum

246 3654 348 3711 Eum.
360 3651 409 3712 36.

288 3773 400 3845 Σῶκος,
420 3767 595 3844 Trojanus,
617 3767 644 3822 A
663 3763 730 3825 428.
755 3763 847 3834 Quoil
868 3760 908 3822 ad
923 3758 1204 3837 significationem
1220 3761 1351 3838 attinet,
1368 3759 1410 3823 cl.

246 3885 323 3962 gall.
349 3888 555 3960 thourouoc.

287 4055 371 4130 Alia,
389 4051 583 4116 sollertiam.

288 4173 426 4244 δαίδαλας,
438 4166 649 4241 artificiosus,
663 4165 736 4228 Essll
750 4184 756 4225 ε
769 4170 797 4232 ὃς
807 4168 900 4247 χερσὶν
917 4161 1046 4223 ἐπίστατο
1062 4164 1178 4222 δαίδαλα
1188 4163 1411 4246 πάντατεύχειν.

289 4289 435 4356 Δαίδαλος,
459 4280 579 4344 artifex
599 4281 779 4356 Cretensis,
803 4285 826 4338 Σ
852 4281 918 4343 592.
942 4277 1035 4350 Quod
1051 4276 1093 4339 ad
1113 4275 1255 4354 figuram
1275 4278 1412 4355 attinet,

249 4403 291 4466 cf.
309 4405 471 4482 Μαίμολοκ,
488 4398 709 4480 Myrmidono,
727 4401 753 4456 Π
770 4395 837 4461 194.

282 4620 303 4669 1.
319 4619 408 4679 Baiis,
423 4618 459 4667 Dc
473 4616 584 4685 Persicis
600 4612 748 4663 semissibus
762 4612 835 4678 apud
848 4613 989 4675 scriptores
1006 4611 1126 4672 Graecos,
1142 4626 1166 4674 p.
1184 4610 1221 4659 15.
