3336 5430
752 547 910 609 ..99-

246 759 334 820 inter
353 762 490 821 nomina
513 762 743 822 vetustissima
764 762 906 840 plurima
930 760 1042 821 forsan
1065 761 1140 822 ideo
1165 765 1322 840 corrupta
1344 777 1415 822 esse

249 879 285 935 ut
301 880 334 937 et
348 876 488 938 sormam
503 876 701 939 inducerent
720 875 762 937 ab
783 881 890 938 aetate
905 877 1084 949 recentiori
1099 879 1212 937 minus
1230 876 1412 937 abhorren-

250 994 315 1052 tem
331 996 363 1053 et
377 991 512 1055 facilius
527 993 810 1070 intellegerentur.
822 993 918 1072 Apud
929 1011 992 1054 nos
1004 994 1104 1067 enim,
1114 992 1270 1072 quamvis
1282 993 1416 1053 nomina

249 1108 316 1168 sint
338 1107 552 1185 hereditaria,
570 1115 748 1190 antequam
774 1127 904 1170 summu
928 1106 1101 1186 diligentia
1120 1109 1324 1188 perscriptae
1350 1108 1416 1168 sint

249 1221 384 1285 tabulae
408 1224 573 1305 publicae,
596 1226 670 1304 ejrrs
689 1226 820 1304 generis
841 1225 1044 1287 mutationes
1064 1241 1133 1286 non
1152 1222 1289 1286 inerunt
1308 1224 1416 1284 inusi-

249 1344 346 1401 tatae.
364 1343 482 1421 ltaque
495 1342 585 1404 idem
600 1344 634 1404 in
649 1344 788 1405 Graecia
802 1342 959 1405 evenisse
971 1359 1039 1404 non
1053 1341 1125 1403 sine
1139 1339 1414 1403 causacredatur.

250 1457 308 1518 Est
331 1459 419 1519 euim
441 1456 669 1535 manifestum,
697 1475 818 1521 nomen
840 1457 947 1519 donec
969 1475 1036 1520 non
1055 1456 1156 1519 luerit
1177 1455 1416 1518 hereditarium

251 1578 372 1636 natura
387 1594 448 1637 sua
463 1577 601 1638 omnino
617 1575 740 1637 mobile
757 1573 864 1636 fuisse
883 1576 929 1635 ita
949 1579 985 1635 111
999 1573 1218 1644 multitudini,
1237 1574 1264 1633 si
1281 1573 1416 1651 quando

250 1707 372 1751 nomen
389 1692 496 1753 ullum
512 1709 580 1754 non
595 1692 858 1768 intellegeretur,
876 1708 1009 1752 summa
1027 1690 1163 1751 licentia
1182 1695 1274 1751 esset
1293 1707 1415 1751 nomen

250 1809 389 1869 alterum
410 1807 500 1888 quod
516 1810 629 1872 statim
648 1808 899 1884 intellegeretur
914 1811 947 1868 et
962 1824 1045 1869 sono
1065 1823 1133 1868 non
1153 1809 1242 1868 esset
1264 1805 1417 1868 absimile

248 1925 283 1986 in
300 1925 410 1986 locum
428 1927 500 2004 ejus
515 1916 707 1988 inducendi.

289 2041 467 2104 Praeterea
481 2040 643 2104 omnibus
657 2040 769 2120 operis
783 2040 887 2103 nostri
902 2038 1056 2120 partibus
1077 2038 1315 2120 comprobatur
1334 2038 1417 2100 nihil

249 2157 355 2233 magis
376 2155 559 2219 absurdum
580 2157 651 2220 fere
672 2174 773 2238 quam
796 2157 824 2218 si
846 2157 924 2236 quis
948 2156 1190 2218 existimaverit
1205 2155 1306 2218 certis
1321 2156 1417 2234 quasi

250 2270 375 2334 finibus
392 2275 540 2352 separari
560 2291 661 2354 posse
681 2273 761 2335 hinc
782 2273 920 2335 nomina
938 2271 1133 2351 imponendi
1149 2271 1313 2334 rationem
1328 2271 1418 2350 apud

250 2389 393 2451 Graecos
408 2390 578 2467 usitatam,
594 2390 689 2452 illinc
703 2393 761 2452 aut
777 2407 852 2462 eam
867 2398 953 2470 quae
972 2389 1007 2449 in
1028 2388 1134 2450 Gallia
1147 2391 1262 2450 nostra
1274 2389 1418 2466 vignerit

250 2509 307 2566 aut
323 2506 422 2567 aliam
438 2505 634 2587 quamlibet.
656 2508 744 2578 Quas
761 2506 851 2568 enim
867 2505 1014 2568 rationes
1033 2505 1081 2566 ita
1100 2506 1248 2584 separari
1267 2504 1416 2567 volueris

248 2625 327 2686 sunt
341 2640 376 2684 re
392 2641 472 2686 vera
487 2623 634 2696 eaedem,
651 2641 715 2685 nec
731 2624 813 2686 satis
834 2626 897 2696 est,
914 2627 951 2684 ut
967 2622 1041 2702 jure
1060 2622 1119 2683 illa
1132 2622 1298 2701 separatio
1314 2609 1415 2684 insti-

248 2740 373 2810 tuatur,
400 2739 545 2801 Graecos
568 2738 711 2801 articulo
735 2753 813 2799 cum
836 2736 1032 2799 nominibus
1053 2754 1135 2799 usos
1158 2754 1234 2799 esse
1259 2740 1292 2800 et
1315 2736 1418 2817 paulo

249 2852 400 2916 severius
417 2853 507 2934 apud
521 2871 584 2916 nos
599 2870 702 2933 quam
717 2853 806 2932 apud
821 2853 966 2917 Graecos
982 2853 1144 2914 asservari
1159 2853 1304 2916 nominis
1318 2852 1417 2916 here-

248 2970 397 3034 ditatem.
431 2971 527 3033 Novo
558 2971 661 3046 igitur
694 2973 891 3046 argumento
924 2966 1145 3030 confirmatur
1176 2985 1319 3032 numero
1349 2987 1418 3054 non

247 3087 415 3149 infinitam
431 3105 506 3149 esse
522 3086 690 3163 cogitandi
706 3090 740 3148 et
754 3084 880 3147 classes
895 3085 1093 3146 instituendi
1108 3087 1304 3147 varietatem
1318 3087 1365 3147 ita
1379 3089 1417 3148 ut

249 3205 338 3267 inter
361 3203 635 3284 Indoeuropaeos
657 3201 776 3263 saltem
803 3218 972 3281 nusquam
998 3218 1065 3264 nun
1090 3203 1278 3281 reperiatur
1301 3203 1416 3265 eadem

250 3338 303 3383 res
320 3318 527 3400 exprimendi
542 3319 637 3381 rati0.
