3336 5430
765 589 925 651 ..20-

68 811 78 825 ·
156 813 159 817 ·
258 793 462 862 vocabulum
488 803 587 880 ὄνομα,
603 798 741 863 fortuito
767 819 848 864 sane
873 805 905 863 et
930 803 1003 864 sine
1028 803 1179 879 consilio,
1199 820 1266 866 non
1290 805 1426 886 saepius

257 931 356 996 quam
369 916 404 978 in
421 916 505 979 locis
521 915 655 980 duobus
671 918 835 998 reperitur

254 1107 276 1161 Γ
292 1104 350 1167 235
368 1123 374 1165 :
459 1109 518 1164 Νῦν
535 1105 558 1164 δ’
575 1105 675 1173 ἄλλους
689 1107 739 1185 μὲν
755 1106 859 1172 πάντας
875 1112 929 1190 ὀρῶ
947 1109 1086 1174 ἑλίκωπας
1107 1107 1252 1189 Ἀχαιούς,

453 1221 498 1288 οὕς
513 1246 560 1281 κεν
578 1219 607 1281 ἐῢ
622 1223 719 1303 γνοίην
736 1223 782 1281 καί
797 1221 822 1280 τ’
838 1224 945 1301 οὕνομα
959 1226 1177 1302 μυθησαίμην...

253 1340 275 1394 Ρ
295 1337 353 1400 260
370 1356 377 1396 t
451 1340 514 1396 Τῶν
529 1337 558 1397 δ’
576 1337 668 1397 ἄλλων
684 1339 724 1406 τίς
740 1362 786 1398 κεν
802 1337 851 1422 ᾗσι
866 1341 960 1422 φρεσὶν
973 1339 1108 1417 οὐνόματ’
1127 1346 1212 1414 εἴποι,

451 1453 528 1513 ὅσσοι
544 1453 579 1532 δὴ
596 1457 747 1533 μετόπισθε
764 1453 859 1536 μάχην
875 1456 991 1538 ἤγειραν
1012 1455 1154 1538 Ἀχαιῶν;

287 1666 326 1726 In
350 1664 464 1742 Iliade,
482 1682 605 1728 nomen
629 1665 744 1729 liberis
768 1666 966 1747 impositum
991 1685 1010 1729 a
1033 1669 1136 1747 patris
1157 1669 1293 1732 nomine
1317 1689 1421 1752 saepe

248 1781 440 1858 assumitur,

287 1899 359 1960 sive
375 1917 451 1980 pars
465 1915 533 1961 una
556 1915 642 1980 quae
665 1900 699 1961 in
722 1900 856 1962 nomine
878 1904 1018 1980 paterno
1043 1905 1114 1964 erat
1138 1903 1173 1964 in
1197 1902 1257 1965 filii
1282 1905 1420 1967 nomine

245 2015 367 2077 iterum
383 2016 558 2095 reperitur,
577 2015 623 2078 ita
640 2035 646 2076 :

250 2201 416 2286 Ἀντ-ήνωρ
427 2201 602 2282 Trojanus
616 2207 637 2261 Γ
650 2202 708 2267 ι48
719 2203 818 2282 eujus
836 2201 926 2264 filius
942 2201 1090 2288 Ἀρήιος)
1102 2209 1126 2263 Φ
1138 2205 1196 2268 545
1209 2207 1414 2271 nominatur.

250 2319 441 2401 ’Ἀντί-μαχος
456 2319 663 2399 TrojanusM
679 2320 736 2383 188
943 2320 1134 2402 Ἱππό-μαχος
1149 2327 1178 2381 Μ
1194 2293 1263 2389 189.

245 2436 427 2518 Αὐτό-ρονος
441 2435 619 2498 Thebanus
636 2441 657 2494 Δ
674 2436 732 2499 395
938 2440 1142 2520 Πολυ-ρόντης
1158 2443 1180 2496 Δ
1196 2439 1266 2503 395.

246 2553 401 2620 Σθένε-λος
414 2553 558 2629 Argivus
572 2556 594 2612 T
611 2553 669 2615 123
938 2551 1110 2636 Εὐρυ-σθεύς
1126 2553 1260 2635 (-οθένης)
1277 2560 1299 2616 Τ
1315 2556 1372 2618 123

244 2666 400 2737 Ἱππό-νοος
409 2687 469 2732 rex
480 2669 603 2750 Lyciae
613 2668 717 2732 schol.
731 2667 770 2730 ad
784 2674 820 2730 ll.
836 2670 925 2732 Ζ155
948 2669 1129 2753 Ἱππό-λοχος
1144 2676 1164 2731 Ζ
1182 2671 1251 2734 197.

283 2874 376 2956 (Cum
391 2875 444 2938 his
459 2873 674 2937 conferantur
693 2875 728 2937 in
748 2873 896 2955 Odyssea
917 2874 1110 2957 Ἀμρι-άραος
1132 2889 1190 2936 rex
1212 2877 1415 2954 Argivorum

136 3046 138 3050 a
244 2988 1412 3075 0244,cujusfilius’Aeaf-aoxocest0mameae<Cyclopumvates,

243 3108 342 3189 cujus
360 3107 451 3169 filius
467 3110 517 3168 est
532 3109 692 3190 Εὕρο-μος,
707 3132 714 3166 ι
729 3106 812 3187 509).

283 3226 352 3288 sive
375 3240 498 3286 nomen
514 3223 619 3304 patris
635 3226 667 3285 et
683 3220 742 3282 filii
758 3230 882 3285 nomen
899 3220 939 3283 ad
955 3223 1108 3286 eamdem
1123 3221 1227 3286 basim
1238 3222 1414 3288 referenda

245 3343 333 3418 sunt,
350 3339 495 3419 exempli
510 3340 617 3416 gratia
637 3358 643 3400 :

285 3460 384 3526 Ἀζεύς
399 3479 435 3516 :
450 3458 469 3495 *
485 3456 629 3537 Ἀγ-μεύς
644 3455 897 3532 orchomenias,
914 3456 939 3516 Β
955 3456 1024 3527 513,
1042 3455 1140 3536 cujus
1156 3454 1247 3518 filius
1264 3456 1414 3518 nomina·

244 3580 300 3638 tur
314 3575 430 3658 ’Ἄκτωρ
446 3603 480 3634 =
495 3574 673 3657 *Ἅγ-τιορ.
776 3651 778 3655 Ι

283 3692 388 3767 Magis
402 3688 598 3767 ambiguum
614 3694 663 3752 est
679 3688 867 3752 discernere
887 3706 1035 3769 quanam
1054 3690 1253 3766 cognatione
1274 3689 1360 3751 inter
1378 3706 1416 3752 se

242 3810 425 3890 jungantur
441 3808 556 3891 Ὕρτιος
571 3807 688 3888 Mysus
705 3809 737 3867 et
753 3807 916 3890 Γυρτιάδης,
935 3812 958 3865 Ξ
975 3808 1031 3868 514
1048 3824 1054 3865 :

446 4001 519 4061 Α’ίοις
534 4002 567 4078 ρα
581 4006 691 4077 πρῶτος
703 3995 882 4071 Τελαμώνιος
898 3993 1014 4077 Ὕρτιον
1031 3987 1100 4053 οὖτα

449 4113 616 4196 Γυρτιάδην.

288 4321 384 4384 Haud
405 4318 588 4381 absurdum
610 4318 763 4380 videatur
784 4318 871 4379 hane
892 4316 1064 4379 adstruere
1088 4315 1357 4377 emendationem
1378 4319 1418 4377 ut

248 4444 305 4500 aut
320 4441 353 4498 in
370 4455 468 4499 versu
484 4436 585 4516 priori
601 4452 669 4496 non
686 4434 814 4517 Ὕρτιον,
832 4432 889 4496 sed
906 4437 1020 4516 Γύρτιιν
1038 4433 1179 4508 legatur,
1197 4437 1230 4493 et
1244 4448 1305 4511 pro
1321 4433 1416 4490 Τελα-

249 4561 349 4635 μώνιος
364 4555 541 4633 Τελαμῶνος,
559 4556 615 4611 aut
632 4553 666 4610 in
687 4550 865 4630 posteriori
884 4567 983 4612 versu
1005 4566 1063 4628 pro
1084 4548 1241 4632 Γυρτιάδην
1262 4547 1417 4631 Ὑρτιάδην

249 4673 346 4756 quasi
361 4690 380 4733 a
394 4669 503 4734 scriba
521 4665 815 4750 quelibetlegendi
831 4668 985 4748 imperito
1006 4683 1065 4747 pro
1086 4665 1195 4728 littera
1214 4666 1239 4726 d
1264 4665 1376 4726 littera
1395 4668 1417 4724 Γ
