3336 5430
695 585 854 648 ..19-

236 799 404 879 Ἐπίκλησις
418 815 487 862 non
501 799 600 862 modo
616 815 814 876 cognomen,
831 799 1007 863 sedetiam
1028 817 1151 863 nomen
1170 800 1292 866 falsum
1308 803 1356 866 si-

189 913 336 994 gnificat.
363 914 505 978 Flumen
534 915 622 979 enim
653 915 844 997 Sperchius,
862 933 898 979 se
922 917 1058 979 nomine
1081 918 1206 979 Boruin
1228 917 1355 994 dicens

189 1033 333 1097 Perieris
349 1032 468 1109 filium,
486 1049 564 1095 curn
579 1031 744 1114 Polydoro
759 1035 838 1109 coit,
853 1035 883 1096 H
898 1034 955 1096 175
969 1053 976 1095 :

231 1212 407 1289 [Μενέσθιος]
423 1218 453 1272 ὃν
468 1213 534 1272 τέκε
549 1216 670 1291 Πηλῆος
684 1213 820 1297 θυγάτηρ,
839 1214 914 1293 κάλη
929 1217 1099 1298 Πολυδώρη,

424 1333 572 1413 Σπερχείῳ
590 1326 740 1411 άκάμαντι,
757 1331 828 1410 γυνή
845 1337 899 1414 θεῷ
916 1330 1074 1410 εὐνηθεῖσα,

424 1444 511 1532 αὐτάρ
528 1448 673 1526 ἐπίκλησιν
689 1451 778 1532 Βώρῳ
793 1451 950 1533 Περιήρεος
965 1456 1025 1532 υἱῷ,
1099 1469 1102 1476 ’

424 1569 453 1631 ὃς
468 1561 622 1648 ἀναφανδὸν
638 1567 717 1624 ὄπυιε
731 1571 823 1648 πορὼν
840 1562 983 1648 ἀπερείσια
998 1563 1028 1625 ἕθ
1047 1589 1073 1626 οι.

232 1766 379 1848 Nemini,
406 1768 532 1833 Graece
556 1767 645 1831 dicto
670 1773 770 1850 ὄνομα,
795 1770 976 1850 opponitur
999 1769 1101 1834 etiam
1125 1768 1216 1851 quod
1238 1771 1362 1834 Graece

192 1883 313 1947 dicitur
329 1887 486 1966 ἐπώνυμον,
504 1884 606 1948 idest
620 1885 762 1948 alterum
777 1902 914 1964 nomen,
926 1889 1015 1949 utcx
1026 1885 1079 1948 his
1089 1885 1248 1950 versibus
1259 1889 1362 1968 patet,

192 2001 207 2063 I
222 2000 357 2066 tot-564
372 2018 380 2062 ε

233 2168 425 2256 [Κλεοπάτρῃ]
440 2171 493 2250 τήν
509 2175 539 2232 δὲ
553 2171 612 2232 τότ’
628 2174 656 2234 ἐν
673 2173 818 2256 μεγάροισι
832 2172 925 2257 πατήρ
941 2177 987 2234 καὶ
1000 2177 1099 2234 πότνια
1115 2178 1211 2257 μήτηρ

428 2287 591 2366 Ἀλκυόνην
608 2290 763 2349 καλέεσκον
779 2287 936 2370 ἔπιθνυμον,
954 2289 1046 2351 οὕνεκ’
1060 2289 1102 2374 ἄρ’
1118 2288 1206 2368 αὐτῆς

427 2409 534 2488 μήτηρ,
552 2403 687 2474 άλκύονος
701 2407 886 2474 πολυπενθέος
901 2400 975 2467 οἶτον
991 2406 1113 2488 ἐ’χουσα,

425 2523 502 2583 κλαῖ’
518 2521 565 2583 ὅτε
581 2546 626 2602 μιν
643 2523 777 2606 ἑκάεργος
792 2520 935 2607 άνήρπασε
952 2521 1055 2590 Φοῖθος
1077 2523 1242 2584 Ἀπόλλων.

238 2717 404 2798 ’Eudrapa
419 2723 531 2782 autern
546 2737 608 2782 usu
623 2719 771 2799 quidem,
788 2722 824 2781 ut
840 2719 983 2797 videtur,
999 2719 1111 2784 minus
1128 2719 1362 2800 pervulgatum

192 2836 243 2897 est
258 2851 360 2916 quarn
375 2838 528 2909 ἐπίκλησις.
546 2835 643 2897 Domi
661 2835 888 2897 tantummodo
903 2839 937 2898 et
951 2833 1178 2916 aparentibus
1189 2835 1363 2915 Cleopatra

191 2947 313 3013 dicitur
326 2951 488 3033 Alcyone.

230 3068 384 3130 Forsitan
400 3067 661 3131 existimandum
677 3069 719 3132 sit
734 3068 888 3132 eumdem
907 3066 1014 3132 tuisse
1033 3085 1133 3131 usum
1153 3073 1186 3131 et
1206 3069 1240 3131 in
1258 3067 1361 3131 lliadc

190 3187 223 3248 et
237 3184 273 3247 in
287 3184 448 3266 Odyssea,
474 3183 533 3248 ubi
558 3203 682 3248 nornen
705 3185 860 3249 videmus
887 3187 987 3248 simul
1007 3204 1027 3248 a
1051 3189 1144 3267 patre
1169 3189 1202 3249 ct
1216 3204 1236 3249 a
1252 3191 1358 3249 matre

188 3300 391 3382 impositum,
409 3307 423 3362 θ
438 3303 497 3368 550
513 3319 521 3363 :

388 3472 443 3533 εἴπ’
459 3470 537 3551 ὄνομ’
553 3471 613 3532 ὅττι
629 3497 659 3531 σε
675 3477 746 3532 κεῖθι
763 3472 863 3534 κάλεον
881 3476 976 3556 μήτηρ
987 3498 1018 3533 τε
1033 3477 1126 3557 πατήρ
1142 3497 1211 3533 τε...

388 3590 419 3650 οὐ
436 3595 486 3670 μὲν
502 3589 552 3671 γάρ
566 3615 607 3656 τις
621 3588 736 3669 πάμπαν
753 3585 897 3670 ἀνώνυμος
913 3588 976 3650 ἐστ’
992 3587 1182 3673 ἀνθρώπων...

387 3703 450 3766 ἀλλ’
467 3709 511 3767 ἐπὶ
525 3714 591 3767 πᾶσι
606 3709 727 3767 τίθενται
744 3707 804 3766 ἐπεί
821 3731 853 3766 κε
869 3707 974 3768 τέκωσι
989 3714 1104 3786 τοκῆες.

228 3905 300 3968 Ηοο
316 3920 446 3968 cumco
459 3903 534 3968 loco
553 3903 706 3968 conterre
726 3905 802 3968 licet
821 3906 856 3967 in
877 3924 945 3986 quo
967 3923 987 3968 a
1009 3907 1114 3968 matre
1137 3906 1209 3969 sola
1231 3925 1354 3971 nomen

186 4020 383 4101 imponitur,
400 4047 416 4083 σ
431 4023 478 4086 5-6
498 4041 504 4084 :

392 4192 522 4277 Ἀρναῖος
536 4192 560 4252 θ’
576 4192 654 4273 ὄνομ’
669 4192 746 4253 ’ἑσκε
764 4198 795 4252 τὸ
811 4191 862 4277 γάρ
879 4194 942 4253 θέτο
956 4198 1056 4254 πότνια
1071 4198 1168 4279 μήτηρ

385 4309 416 4369 ἐκ
430 4318 559 4391 γενετῆς.

226 4505 394 4589 Quidquid
413 4506 454 4570 de
473 4524 512 4570 eo
528 4506 707 4587 judicetur,
726 4505 758 4568 id
779 4509 890 4570 tamen
909 4511 1041 4570 constat
1062 4507 1207 4570 nominis
1226 4508 1354 4570 scilicet

185 4623 358 4688 notionem
373 4625 429 4686 cui
445 4620 646 4704 respondeat
662 4620 807 4704 tropaeo
823 4622 926 4685 Iliade
942 4641 1009 4685 non
1030 4623 1173 4685 alienam
1193 4641 1268 4686 esse
1290 4625 1353 4687 ctsi
