3336 5430
754 552 963 629 -ar-'

290 783 410 854 Quaeri
439 786 548 863 potest
573 801 654 845 num
676 783 810 864 Trojani
827 782 937 845 socios
952 780 1131 846 habuerint
1147 781 1207 862 qui
1222 799 1263 843 ex
1279 781 1420 860 Europa

245 898 431 960 venissent.
460 899 506 959 Eo
531 898 604 959 loco
629 896 687 959 ubi
712 897 835 975 legitur
852 897 995 958 militum
1009 896 1230 978 Trojanorum
1246 897 1418 973 recensio,

246 1013 410 1077 nominati
426 1016 506 1076 sunt
521 1014 676 1088 Thraces,
693 1014 845 1088 Cicones,
862 1014 1013 1075 Paeones

385 1250 481 1333 Αὐτάρ
496 1256 623 1335 Θρήικας
637 1251 685 1333 ἦγ’
708 1253 839 1333 Ἀκάμας
855 1258 900 1313 καὶ
916 1257 1034 1337 Πείροος
1047 1255 1123 1337 ἥρως

386 1369 484 1438 όσσους
504 1369 715 1448 Ἑλλήσποντος
731 1368 867 1454 ἀγάρροος
881 1375 957 1439 έντδς
973 1373 1063 1454 ἐέργει

385 1484 521 1571 Εὔφημος
537 1485 648 1569 δ’άρχος
663 1491 792 1547 Κικόνων
807 1485 843 1565 ἦν
859 1487 1028 1570 αἰχμητάων

384 1607 441 1669 υἱδς
457 1605 621 1684 Τροιζήνοιο
638 1603 797 1686 διοτρεφέος
812 1602 936 1662 Κεάδαο.

386 1716 483 1801 Αὐτὰρ
500 1719 669 1801 Πυραίχμης
684 1719 735 1798 άγε
750 1722 873 1787 Παίονας
888 1717 1091 1799 άγκυλοτόξοος

359 1868 363 1885 ι
386 1837 508 1912 τηλόθεν
525 1833 551 1903 ἐξ
573 1835 752 1915 Ἀμυδῶνος,
767 1833 814 1896 ἀπ’
836 1834 932 1905 Ἀξιοῦ
949 1834 1126 1918 εὐρυρέοντος

392 1947 488 2018 Ἀξιοῦ
503 1949 535 2009 οὖ
551 1950 699 2011 κάλλιστον
715 1950 787 2033 ὕδωρ
805 1953 977 2011 ἐπικίδναται
994 1944 1067 2011 αἶαν.
1084 1955 1107 2008 Β
1123 1949 1268 2013 844-850.

285 2180 460 2242 Thraciam
474 2184 586 2243 autem
601 2179 707 2244 credit
723 2180 837 2243 Iliadis
853 2183 953 2261 poeta
968 2181 1033 2243 situ
1050 2180 1311 2242 transmarinam
1328 2197 1418 2242 esse.

246 2297 582 2359 Praetermittendum
603 2296 685 2358 mihi
705 2297 839 2359 videtur
853 2301 929 2364 ἐντος
944 2299 1034 2380 ἐέργει
1050 2295 1140 2376 quod
1156 2294 1342 2359 obscurum
1359 2297 1416 2360 sit.

245 2414 392 2477 Graecae
407 2416 518 2475 autem
535 2430 640 2476 naves
656 2413 798 2490 singulis
814 2412 934 2476 diebus
949 2429 1040 2475 mare
1055 2415 1235 2476 transeunt
1248 2413 1420 2475 utvinum

246 2547 263 2592 e
279 2529 419 2592 Thracia
432 2532 606 2610 reportent
622 2551 628 2590 :

404 2737 499 2795 πλεῖαί
512 2758 555 2796 τοι
571 2736 645 2795 οἴνου
661 2739 763 2796 κλισίαι
777 2741 826 2796 τὸν
842 2745 908 2814 νῆες
928 2735 1056 2818 Ἀχαιῶν

403 2851 520 2933 ἠματίαι
535 2856 689 2937 Θρῄκηθεν
707 2855 749 2914 ἐπ’
765 2856 844 2936 εὐρέα
858 2860 960 2916 πόντον
976 2854 1100 2935 άγουσιν.
1118 2858 1130 2911 l
1145 2854 1252 2917 71-72.

285 3092 372 3153 Hera
389 3109 468 3153 cum
483 3110 524 3154 ex
539 3092 680 3172 Olympo
692 3092 856 3154 Lemnum
867 3095 950 3173 petit
960 3110 1020 3172 per
1031 3092 1204 3155 Thraciam
1218 3096 1251 3154 et
1266 3095 1419 3154 montem

244 3206 331 3268 Atho
345 3207 409 3269 iter
423 3206 504 3270 facit
519 3214 542 3267 Ξ
560 3212 627 3272 225.
646 3209 684 3269 In
700 3208 849 3290 Odyssea
866 3209 1028 3271 dicuntur
1048 3210 1189 3272 Cicones
1207 3207 1360 3272 habitare
1381 3209 1418 3270 in

245 3324 381 3401 regione
397 3321 456 3385 uhi
472 3324 551 3387 vitis
567 3325 708 3401 colatur,
720 3325 890 3406 iidemque
905 3327 940 3387 in
955 3326 1153 3389 recensione
1168 3325 1254 3388 inter
1268 3324 1417 3387 Thracas

246 3445 278 3503 et
302 3442 453 3503 Paeones
476 3441 649 3517 locantur;
667 3459 726 3504 eos
742 3443 844 3519 igitur
860 3442 1038 3504 verisimile
1061 3446 1113 3505 est
1128 3442 1287 3503 Thraciae
1301 3442 1414 3518 genti-

209 3613 212 3620 .
246 3554 311 3618 bus
326 3555 569 3619 adscribendos
591 3575 677 3620 esse.
696 3558 819 3620 Poetae
835 3557 964 3638 judicio
984 3558 1048 3620 sita
1068 3560 1120 3620 est
1141 3556 1287 3619 Paeonia
1310 3573 1419 3637 prope

243 3673 368 3733 Axium
382 3689 534 3749 amnem;
552 3674 579 3734 is
593 3678 707 3735 antem
723 3674 830 3736 amnis
845 3690 904 3753 per
917 3672 1149 3735 Macedoniam
1164 3671 1251 3734 fluit.

283 3790 460 3851 Praeterea
490 3793 642 3852 veterum
672 3791 874 3870 scriptorum
903 3790 1094 3853 testimonio
1123 3791 1334 3868 compertum
1363 3791 1419 3850 est

244 3905 389 3968 Thracas
400 3905 488 3967 inter
497 3909 530 3968 et
540 3905 701 3986 Trojanos
717 3905 1071 3969 commerciumfuisse
1087 3902 1413 3984 frequentissimum.

138 4060 144 4076 .
245 4020 425 4083 EThracia
441 4022 533 4082 venit
548 4019 724 4084 Dardanus
744 4040 764 4082 a
783 4039 852 4102 quo
868 4038 991 4083 nomen
1007 4024 1224 4100 sumpserunt
1237 4018 1412 4083 Dardani¹.

246 4137 394 4218 Phryges
420 4137 557 4200 Troadis
579 4136 736 4214 gentibus
752 4137 997 4200 annumerandi
1013 4136 1114 4199 iidem
1129 4139 1209 4199 sunt
1224 4154 1264 4197 ac
1282 4133 1416 4212 Briges²

246 4253 460 4316 Macedoniae
490 4255 635 4335 populus
664 4254 799 4334 qnidam
827 4253 922 4334 cujus
947 4272 1024 4334 pars
1049 4255 1084 4315 in
1107 4252 1221 4315 Asiam
1245 4251 1412 4328 migravit.

278 4541 300 4591 1.
317 4540 389 4601 Apud
405 4539 555 4600 Strabonem,
570 4539 621 4598 VII,
637 4539 677 4591 49.

276 4621 300 4670 2.
316 4620 388 4682 Apud
404 4619 557 4681 Strabonem,
574 4621 623 4681 Vll,
640 4619 706 4699 3‚22½,
721 4620 807 4683 fragm.
822 4621 860 4670 25.
