3336 5430
686 571 845 632 ..51-

177 785 216 843 ut
230 780 325 844 nullo
341 782 440 844 modo
461 779 634 844 emendari
650 781 704 844 vel
721 782 817 845 aliter
835 783 986 862 intellegi
1002 785 1140 864 possint.
1156 785 1248 848 Talia
1272 793 1350 849 sunt

178 897 264 976 apud
301 914 363 960 nos
398 897 535 959 nomina
574 901 764 972 Meaooais,
802 902 1002 974 Mottotlloa,
1040 901 1129 980 apud
1164 902 1350 966 Germanos

180 1016 341 1089 Sontecht,
359 1013 448 1094 apud
472 1015 617 1076 Graecos
642 1015 776 1097 Αἱσχρός.
799 1015 891 1076 Talia
915 1018 1052 1077 nomina
1075 1017 1220 1080 fortasse
1247 1036 1352 1082 nona

178 1128 376 1209 parentibus
393 1134 527 1210 sumpta
551 1134 630 1192 sunt
653 1134 691 1193 ut
715 1131 826 1209 pneris
851 1132 1118 1211 imponeremur,
1136 1133 1194 1195 sed
1214 1136 1352 1198 amale-

177 1247 263 1308 volis
287 1244 492 1328 quibusdam
518 1247 656 1308 inventa
679 1246 749 1308 veri
775 1248 921 1310 nominis
945 1247 1058 1309 locum
1081 1247 1227 1330 denique
1251 1269 1351 1315 usur-

178 1380 312 1443 pavere.

217 1611 272 1673 lV.
297 1646 338 1657 -
360 1616 539 1676 Permulta
562 1619 703 1678 notulae
726 1618 804 1678 orta
829 1631 902 1679 esse
924 1617 1083 1679 videntur
1107 1622 1352 1682 emeramnus

175 1731 322 1804 sindulis
337 1733 393 1805 qut
408 1733 444 1791 io
459 1731 651 1792 civitatibus
664 1733 808 1805 suerunt
828 1733 887 1793 aut
912 1747 930 1792 e
954 1735 1154 1794 alludentem
1177 1737 1352 1798 arlrrosve

176 1861 263 1920 quae
277 1849 415 1908 diversa
429 1850 557 1909 diversi
570 1851 723 1910 homiues
737 1850 852 1910 sortiti
865 1850 955 1910 οιιιιέ.

217 2033 363 2096 Nomina
376 2031 499 2114 quibus
521 2032 623 2096 duces
638 2034 859 2112 designantur
872 2034 957 2098 haec
974 2040 1051 2100 sunt
1069 2055 1076 2098 :

218 2152 353 2233 κοίρανος,
372 2148 450 2222 dux,
467 2150 492 2209 B
509 2149 583 2226 20!ss
601 2149 640 2218 εἷς
654 2153 780 2233 κοίρανος
795 2151 879 2215 έστω.

218 2266 366 2348 Κοίρανον,
380 2265 533 2345 lycium,
545 2266 570 2326 E
584 2266 659 2339 6773
673 2265 780 2342 Creta,
791 2267 893 2331 Poll.
905 2267 998 2339 Quod
1014 2269 1056 2330 ad
1069 2265 1351 2345 significationem

176 2383 305 2457 attinet,
322 2380 364 2443 el.
383 2386 498 2460 δοκοὶ,
517 2387 691 2459 Leprtuee,
708 2387 786 2459 ete,
803 2383 861 2447 lat.
880 2390 1086 2463 Principem.

215 2572 326 2653 κρείων,
343 2586 475 2648 regens,
493 2572 519 2630 A
536 2571 593 2632 ‘10⁶2
611 2589 618 2630 :
643 2570 795 2653 Ἀτρείδης
810 2572 873 2655 εὐρὺ
896 2575 995 2655 κρείων
1017 2573 1222 2654 Ἀγαμέμνων.
1309 2620 1313 2639 ;

212 2686 415 2770 Κρειοντιάδην
440 2689 631 2766 Λυκομήδεα,
657 2687 770 2760 Τῖίέθ,
797 2688 1021 2768 Lycomedem
1046 2691 1200 2753 Creontis
1226 2690 1345 2754 fllium.

170 2802 301 2864 Nomen
317 2800 398 2862 illud
422 2801 458 2861 in
483 2800 584 2863 Iliade
608 2804 642 2861 et
665 2801 701 2863 in
729 2801 879 2883 Odyssea
907 2806 1039 2866 tantum
1069 2807 1242 2885 reperitur.
1264 2807 1346 2868 For·

171 2918 258 2979 sitan
282 2916 571 2997 hypocoristicum
601 2917 646 2978 sit
677 2934 738 2997 pro
768 2920 952 3003 Δαμοκρέων,
984 2923 1163 3004 Νικοκρέων,
1181 2922 1344 3005 Τιμοκρέων

169 3033 330 3111 positum.

208 3223 312 3303 μέδων,
330 3222 447 3297 (1111(,Β
462 3224 500 3287 79
519 3242 525 3283 :
550 3223 689 3306 Ἀργείων
705 3227 848 3309 ἡγήτορες
867 3224 920 3305 ἠδέ
937 3228 1079 3304 μέδοντες.

206 3340 320 3414 Μέδων,
338 3339 421 3401 Oilei
438 3338 539 3410 filius,
558 3342 582 3401 B
597 3341 671 3416 727;
689 3342 823 3421 Lycius,
842 3342 866 3401 P
882 3343 950 3405 216.

204 3455 387 3516 Nominum
402 3455 637 3534 copulatorum
659 3473 736 3534 pars
760 3459 927 3536 posterior
942 3462 994 3519 est
1010 3460 1102 3538 μέδων
1121 3477 1127 3518 :
1150 3457 1335 3539 Αὐτομέδων,

170 3569 362 3647 Ἀλκιμέδων,
382 3570 579 3654 Ἀμφιμέδων.

203 3756 372 3840 εὐρυμέδων,
391 3776 405 3816 ι
424 3757 563 3836 quilate
580 3760 741 3833 regnat»,
759 3757 848 3836 apud
868 3757 1058 3832 Pindarum,
1076 3763 1122 3822 Ol.
1141 3761 1170 3835 8,
1188 3761 1237 3824 ll.
1292 3802 1296 3810 ·

200 3874 382 3956 Εὐρυμέδων,
400 3871 547 3934 famulus
575 3873 847 3950 Agamemnonis,
866 3879 888 3932 Δ
920 3876 993 3949 22&
1025 3876 1189 3952 Nestoris,
1209 3881 1237 3936 A
1260 3878 1331 3942 620.

199 4061 328 4140 Πάλμυς,
348 4077 416 4137 rex,
434 4059 523 4139 apud
540 4060 797 4139 Hipponactem,
816 4059 853 4122 fr.
872 4062 902 4121 9.

198 4175 328 4257 Πέλμυν,
347 4193 389 4237 ex
404 4175 556 4250 Ascania,
583 4176 613 4237 N
637 4176 708 4237 792.
734 4176 863 4238 Nomen
887 4176 968 4237 illud
993 4179 1028 4238 in
1052 4177 1153 4240 Iliade
1185 4183 1326 4244 tanturn-

158 4293 255 4355 modo
277 4292 409 4369 legitur.

195 4478 342 4551 ὐστυύναξ,
362 4495 421 4540 rex
436 4477 539 4550 urbis,
560 4479 649 4558 apud
664 4478 879 4559 Aeschylum,
901 4483 1015 4556 suppl.
1035 4483 1122 4546 1019.

200 4595 367 4670 Ἀστυάναξ,
386 4595 538 4657 Hectoris
556 4593 657 4672 filius,
676 4599 695 4652 Z
716 4596 785 4656 loo.
