3262 5536
812 574 976 618 -Xlt-

310 777 336 832 Η
360 779 395 833 15
421 774 538 858 Ἰρίνοον
562 772 698 852 Δεξιάδην
718 773 896 854 Iphinoum
912 771 1008 850 cujus
1028 775 1123 850 pater
1143 772 1194 832 est
1214 769 1341 832 Dexius
1353 770 1403 847 ;T
1423 772 1481 830 240

309 909 511 992 Κρειοντιάδην
542 912 720 989 Λυκομήδεα
746 905 972 988 Lycomedem
1008 906 1107 986 cujus
1144 909 1237 986 pater
1268 909 1320 968 est
1347 893 1480 982 Creon;

205 1030 208 1037 Ι
308 1042 430 1122 legitur
444 1049 466 1102 B
480 1045 533 1102 541
548 1043 804 1121 Χαλκωδοντιάδης
821 1043 998 1126 Ἐλεφήνωρ,
1012 1041 1201 1121 Elephenor
1212 1040 1416 1122 cujuspalel‘
1431 1043 1482 1103 681

311 1176 514 1240 Chalcodon.
543 1177 636 1250 Quod
661 1178 782 1241 attinet
801 1177 843 1239 ad
866 1178 996 1256 singula
1019 1177 1213 1259 hujusmodi
1236 1176 1479 1257 patronymica,

308 1313 416 1393 patris
432 1329 556 1376 nomen
579 1314 790 1376 restituimus
815 1312 905 1393 quod
926 1312 1016 1375 idem
1040 1313 1082 1375 sit
1107 1330 1147 1375 ac
1162 1310 1366 1374 vocabulum
1385 1329 1480 1375 com-

307 1465 410 1510 mune
427 1451 484 1511 aut
496 1448 562 1510 loci
577 1449 736 1529 populive
751 1465 875 1511 nomen
891 1447 1069 1528 quoddam.

352 1582 555 1664 Plerumque
599 1583 729 1646 nomini
765 1584 900 1664 proprio
940 1581 1093 1646 adsuitur
1130 1583 1403 1662 patronymicum
1440 1586 1480 1643 ut

308 1717 591 1796 significationem
616 1719 794 1782 certiorem
818 1717 953 1782 efficiat.
980 1717 1045 1780 Sed
1069 1718 1170 1780 etiam
1195 1716 1269 1780 fieri
1300 1720 1413 1798 potest
1441 1723 1480 1781 ut

306 1853 542 1933 patronymica
571 1871 631 1933 pro
666 1852 860 1916 nominibus
892 1854 1003 1933 posita
1035 1811 1103 1915 sint
1134 1869 1210 1914 cum
1243 1853 1478 1933 patronymica

308 1987 476 2068 quaedam
506 1989 681 2051 nominum
711 1989 779 2050 vim
806 1989 927 2069 adepta
953 1989 1031 2051 sint.
1058 1988 1108 2050 Ita
1139 1988 1316 2071 Ἁρπαλίων,
1348 1988 1476 2052 Ν613-

305 2124 365 2186 614
394 2122 483 2186 filius
519 2127 570 2186 est
605 2125 840 2206 PylaemeniS,
877 2131 934 2192 υίδς
969 2125 1173 2205 Πυλαιμένεος,
1211 2140 1279 2185 non
1314 2124 1474 2203 Harpali;

308 2260 469 2319 Βουκολίων
499 2264 519 2318 Ζ
548 2259 602 2333 23,
638 2257 729 2320 filius
757 2259 1010 2331 Laomedonti&
1041 2263 1097 2326 υίὸς
1127 2256 1233 2338 ἀγαυοῦ
1258 2256 1472 2338 Λαομέδοντος,

305 2409 375 2455 non
404 2393 540 2470 Bucoli;
562 2397 719 2478 Γοργυθίων
739 2398 764 2455 Θ
785 2394 858 2470 302,
882 2391 971 2456 filius
988 2392 1127 2468 Priami,
1154 2408 1221 2453 non
1243 2392 1413 2472 Gorgythi.
1435 2393 1476 2454 ln

304 2527 354 2588 eis
375 2525 571 2589 nominibus
592 2526 674 2590 adeo
700 2526 852 2590 obsoleta
872 2532 943 2590 crat
961 2526 1195 2608 patronymica
1216 2525 1416 2602 significatio
1437 2532 1476 2590 ut

302 2679 551 2742 nonnunquam
581 2662 746 2742 quaedam
775 2664 985 2740 cognationis
1015 2663 1139 2725 indicia
1168 2666 1295 2727 nomini
1325 2661 1472 2742 subjun-

302 2799 477 2874 gerentur,
503 2796 593 2878 quod
618 2798 782 2877 exemplis
803 2797 872 2878 jam
898 2799 1008 2862 allatis
1030 2799 1277 2880 comprobatur.
1300 2802 1472 2873 Attamen,

301 2933 331 2995 si
356 2949 427 2994 rem
453 2930 497 2994 ab
525 2931 653 3010 origine
683 2936 830 3013 repetas,
853 2932 944 2995 haud
971 2932 1072 2996 dubie
1104 2934 1267 3017 Ἁρπαλίων
1289 2952 1309 2997 1
1336 2935 1473 2996 nornine

304 3069 454 3152 Ἅρπαλος
476 3067 680 3130 declinatum
697 3071 759 3142 est,
776 3072 973 3129 Βουκολίωνα
991 3072 1144 3144 Βούκολυς,
1159 3069 1196 3148 (Ο
1217 3069 1276 3133 338
1297 3071 1472 3129 Βουκολίδαο

304 3200 460 3286 Σφήλοιο),
489 3204 647 3284 Γοργυθίων
674 3220 694 3263 a
721 3207 869 3285 Γόργυθος.
901 3204 1082 3283 Prolotypa
1113 3203 1274 3287 Ἅρπαλος,
1307 3204 1470 3274 Βυύκολος,

303 3339 455 3419 Γόρηυθος,
468 3340 585 3417 utpote
601 3354 688 3417 quae
708 3336 750 3398 ad
765 3321 851 3417 op'us
869 3340 1022 3399 nostrum
1033 3339 1250 3417 pertinerent,
1263 3337 1472 3400 restituenda

302 3468 524 3534 decrevimus

344 3604 414 3666 Etsi
430 3604 523 3666 nullo
540 3609 737 3682 argumento
753 3604 965 3685 comprobari
980 3609 1092 3687 potest
1106 3624 1176 3668 rem
1191 3607 1237 3667 ita
1252 3625 1288 3668 se
1298 3605 1471 3679 habuisse,

301 3756 371 3801 uon
396 3744 446 3801 est
470 3738 666 3802 incredibile
683 3741 732 3802 eis
756 3740 932 3803 vocabulis
956 3740 1148 3821 adjunctam
1172 3739 1279 3803 fuisse
1305 3739 1471 3820 syllabam

298 3877 368 3934 -ίων
385 3891 453 3954 qua
469 3873 715 3950 significaretur
730 3877 940 3954 cognationis
963 3877 1105 3938 societas
1129 3878 1269 3956 quaevis
1291 3877 1356 3938 alia
1371 3881 1472 3957 alque

301 4026 342 4070 ea
367 4010 547 4090 quainter
572 4029 608 4072 se
637 4012 875 4073 consociantur
902 4014 997 4091 pater
1020 4015 1053 4074 et
1081 4010 1184 4074 filius.
1210 4013 1354 4074 Nomina
1381 4012 1472 4074 enim

301 4136 466 4205 nonnulla
490 4143 677 4207 desinentia
696 4145 731 4206 in
756 4149 836 4224 -ίδης
859 4144 952 4208 velut
975 4147 1119 4225 exempli
1143 4147 1249 4224 gratia
1272 4147 1409 4224 Αἰακίδης
1429 4144 1470 4208 ab

302 4294 379 4353 avo,
397 4294 465 4339 non
490 4295 509 4338 a
532 4281 626 4358 patre
650 4283 732 4341 sunt
755 4278 931 4341 declinata.
957 4279 996 4340 ln
1018 4279 1120 4341 Iliade
1145 4280 1282 4343 nomina
1305 4278 1471 4360 quaedam

305 4411 497 4474 desinentia
511 4413 610 4473 ἰυ-ίων
627 4413 822 4476 societatem
838 4414 938 4475 etiam
953 4415 1166 4476 remotiorem
1182 4418 1443 4476 commemorant
1460 4435 1467 4476 :

304 4548 353 4610 sic
367 4549 550 4628 Καδμείωνας
565 4546 721 4609 dicuntur
745 4548 802 4629 qui
818 4566 836 4608 a
851 4548 985 4624 Cadm0,
1002 4551 1193 4632 Δαρδανίωνες
1208 4551 1267 4630 qui
1281 4567 1301 4612 a
1315 4549 1469 4613 Dardano

301 4699 409 4760 genus
426 4681 566 4744 ducunt.
