3336 5430
645 592 682 601 -
706 575 775 620 XVII
797 591 836 605 ···

290 766 397 830 forma
413 767 543 845 longior
565 771 757 855 Μενέστρατος
866 760 868 765 ⁴
893 771 1027 834 brevior
1049 778 1193 843 Μενεστᾶς

564 910 727 990 Δημόφιλος
846 976 848 982 Ι
1049 915 1193 994 Δημοφῶν
1236 959 1241 969 .

570 1040 701 1119 Ἰοὸάτης
1050 1045 1144 1124 Ἰόῦης

569 1175 752 1258 Ἀλέξανδρος
1054 1179 1173 1249 Ἀλεξᾶς

569 1305 758 1391 Ἀμύνανδρος
1045 1313 1171 1394 Ἀμυνᾶς
1220 1326 1222 1332 “

565 1446 830 1526 Σκαμανδρώνυμος
901 1474 904 1480 ·
1045 1448 1169 1527 Σκάμων
1211 1508 1212 1513 ,

196 1653 368 1716 Permulta
382 1653 635 1736 hypocoristiea
650 1658 697 1719 ita
710 1657 944 1723 informantur.

196 1786 272 1850 Alia
300 1805 382 1852 vero
411 1790 465 1852 vel
491 1791 649 1870 priorem,
675 1793 728 1854 vel
758 1794 974 1873 posteriorem
1005 1796 1151 1858 nominis
1181 1798 1328 1879 copulati

156 1925 286 2001 partem
301 1923 447 1986 retinent
460 1945 467 2002 ;
485 1926 629 2007 exempli
645 1944 750 1989 eausa
766 1946 773 1988 :

374 2079 376 2084 ·
437 2117 596 2175 Μνασιδίκα
909 2121 981 2178 Δίκα

437 2251 652 2334 Πολυφράδμων
906 2255 1045 2337 Φράδμων

444 2383 623 2464 Ἡγησίλεως
908 2387 995 2467 Ἀγις

439 2523 626 2597 Πυθοκλῆς“
906 2523 1016 2590 Πυθέας
1100 2496 1102 2499 ¹

196 2735 279 2796 Cum
307 2735 453 2798 nominis
478 2735 626 2816 copulati
655 2755 732 2817 pars
760 2741 901 2819 utraque
935 2740 1107 2802 notionem
1138 2742 1263 2804 claram
1292 2746 1326 2805 et

156 2870 338 2934 dilucidam
361 2870 510 2946 inducat,
527 2874 561 2934 et
583 2889 660 2952 pars
676 2843 830 2953 utraque,
848 2872 942 2935 nulla
956 2878 1021 2936 aut
1049 2875 1187 2938 minima
1211 2881 1323 2940 muta-

152 3007 245 3069 tione
272 3004 372 3082 iacta,
398 3004 555 3083 vocabuli
579 3007 648 3068 vim
675 3005 808 3084 habeat,
839 3007 981 3072 Graecos
1009 3010 1126 3088 opinor
1154 3010 1324 3075 hominem

153 3143 315 3204 alterutra
331 3141 476 3204 nominis
490 3144 583 3222 parte
598 3142 833 3223 appellavisse.

193 3275 244 3338 Ab
271 3275 522 3357 hypocoristioo
552 3277 688 3339 nomine
717 3293 840 3339 nomen
874 3276 1079 3356 distinguere
1109 3279 1198 3360 quod
1234 3281 1322 3345 idem

152 3414 199 3477 sit
221 3429 260 3474 ao
281 3410 487 3474 vocabulum
509 3425 685 3473 commune
707 3409 875 3490 quoddam
891 3410 1034 3473 arduum
1057 3415 1119 3486 est,
1136 3414 1201 3476 nisi
1224 3414 1323 3478 obvia

151 3549 197 3612 sit
212 3564 317 3611 eausa
333 3546 446 3627 aliqua
460 3543 616 3608 credendi
633 3551 757 3607 nomen
768 3542 882 3608 adesse
893 3563 911 3608 e
924 3546 1055 3616 duabus
1069 3547 1221 3627 partibus
1232 3554 1322 3612 oom-

150 3681 311 3763 positum‚
330 3677 394 3741 sub
413 3676 520 3755 figura
543 3676 726 3740 deminuta.
744 3678 934 3758 Utcumque
951 3669 1004 3740 res
1031 3696 1066 3742 se
1087 3678 1221 3757 habeat,
1238 3681 1322 3745 uilril

153 3818 203 3878 est
218 3813 310 3897 quod
325 3811 521 3895 comprobet
542 3811 826 3893 hypocoristioam
845 3784 1120 3877 informationem
1130 3815 1231 3894 longe
1252 3816 1320 3880 ire-

153 3949 365 4032 quentiorem
390 3948 497 4012 fuisse
522 3946 610 4028 apud
634 3947 779 4010 Graecos
805 3964 908 4028 quam
930 3947 964 4008 in
989 3948 1105 4026 lingua
1126 3953 1241 4013 nostra
1262 3951 1323 4040 ubi

149 4084 326 4146 nominum
341 4100 447 4161 genus
464 4079 566 4144 edidit
587 4082 666 4144 satis
686 4081 872 4160 exiguum.
889 4080 982 4143 Talia
997 4083 1135 4151 nomina
1150 4084 1226 4146 siin
1242 4102 1323 4148 eon-

152 4218 334 4285 suetudine
363 4218 528 4281 sermonis
556 4216 715 4278 cotidiani
746 4213 937 4296 frequentia
965 4215 1125 4298 luissent,
1157 4223 1322 4300 permulta

150 4355 225 4418 sine
236 4352 338 4418 dubio
353 4353 395 4418 ad
406 4369 467 4416 nos
480 4351 749 4414 tulissetGraeoa
764 4351 947 4414 comoedia.
959 4352 1054 4432 Apud
1063 4353 1321 4435 Aristophanem

181 4610 203 4658 1.
220 4609 257 4658 Cf.
272 4608 372 4670 Morum,
388 4608 523 4678 Memoirejs
538 4606 568 4656 de
585 4607 612 4657 ia
628 4607 731 4658 sociata
743 4606 775 4656 de
791 4605 970 4672 linquisiique,
986 4608 1004 4668 i,
1021 4608 1321 4672 idi.R1rrau‚Lernoms

62 4722 64 4731 ι
148 4690 181 4741 de
194 4689 307 4755 samitte,
322 4705 347 4754 p.
362 4689 434 4740 7-17.

1228 4783 1241 4824 2
