3336 5430
753 590 910 653 „33-

287 804 459 888 Μελέαγρος,
473 801 562 866 fitius
573 803 686 876 Oenei,
704 803 728 863 B
744 803 812 875 642,
830 804 961 865 Oeneus
975 807 1086 865 autem
1097 801 1412 866 frateeest-Melanis
1536 784 1538 787 ⁵

246 919 395 996 emm

329 1133 457 1194 Boeotii
475 1151 482 1192 :

290 1296 442 1376 Πρόμαχος
456 1298 599 1363 Βοιώτιος,
615 1292 810 1376 Alegessot‘is
827 1290 928 1361 filius,
947 1295 970 1348 Ξ
986 1291 1056 1355 476.

288 1413 407 1492 Κρείων,
430 1412 525 1489 patei·
546 1407 745 1489 Lycomedis
765 1408 822 1486 qui
842 1406 966 1468 dicitur
985 1410 1162 1488 Λυκομήδης
1184 1411 1335 1489 Κρείοντος
1360 1415 1416 1478 υίὸς

247 1526 339 1604 (184)
356 1525 408 1587 Vel
423 1525 625 1609 Κρειοντιάδης
641 1524 674 1606 (Τ
693 1525 775 1606 240).

294 1641 487 1726 Ἀλεκτρυών,
504 1645 598 1721 pater
614 1641 708 1712 Leiti,
727 1643 749 1702 P
765 1640 835 1705 602.

288 1761 405 1837 Λήιτος,
424 1728 635 1838 Aleetiyonis
658 1757 757 1833 tilius,
775 1775 864 1819 unns
881 1776 898 1819 e
919 1761 1077 1838 quattuor
1092 1757 1236 1821 ducibus
1254 1760 1408 1821 Boeotio-

254 1890 339 1947 rum,
356 1873 465 1938 Blittln.

331 2078 481 2143 Thebani
499 2099 506 2142 :

291 2241 430 2323 *Α’ίμων,
454 2243 549 2322 pater
567 2239 718 2303 Maeonis
739 2240 979 2315 Haemonidae,
1005 2245 1027 2299 Δ
1054 2243 1121 2306 394.

292 2356 410 2430 Μαίονος,
428 2363 450 2416 Δ
467 2356 535 2432 394,
552 2354 786 2419 Thebanorum
801 2354 934 2419 ducem.

291 2472 463 2557 Αὑτόρονος,
480 2475 576 2554 pater
590 2471 832 2553 Polyphontae,
846 2477 868 2530 Δ
884 2473 953 2535 395.

290 2591 476 2667 Πολυνείκης,
494 2593 516 2647 Δ
532 2588 602 2664 377,
618 2586 796 2667 Oedipodis
813 2586 915 2651 filius.

296 2703 452 2788 Ὀρὲσὸιος,
469 2709 494 2764 Ε
509 2706 578 2778 707,
597 2722 637 2767 ex
655 2704 752 2785 Hyle.

330 2909 541 2974 Orchomenii
559 2929 566 2972 :

288 3072 422 3155 Ἄκτωρ,
457 3074 552 3151 pater
583 3070 759 3152 Ascalaphi
790 3074 823 3134 et
851 3070 1005 3147 Ialmeni,
1035 3073 1175 3136 maritus
1205 3073 1414 3154 Astyoches,
1482 3070 1485 3076 ’

247 3189 355 3252 Bate.

294 3306 484 3390 Ἀσκάλαφος,
506 3304 638 3367 Actoris
658 3302 760 3380 filius,
777 3304 845 3366 dux
860 3304 1170 3375 Orchomeniorum,
1186 3305 1305 3393 35¹²?
1323 3305 1336 3366 Ι
1352 3307 1413 3382 82,

247 3422 755 3500 nuenenemuoun

329 3627 443 3690 Phoeii
460 3647 467 3689 :

293 3791 485 3872 Ἐπίστροφος,
503 3791 525 3845 Β
541 3787 610 3858 517,
628 3785 727 3866 cujus
743 3787 836 3866 pater
851 3788 902 3846 est
919 3741 1025 3869 Ι’ίριτος
1039 3781 1229 3861 Ναυὸολίδης.

289 3908 417 3990 Σχεδίος,
437 3901 628 3984 Epistrophi
643 3898 755 3974 frater,
773 3902 798 3962 Β
814 3902 883 3964 517.

329 4110 424 4174 Locri
443 4129 449 4171 ε

287 4274 418 4357 Ἄκτωρ,
435 4274 530 4352 pater
542 4271 708 4343 Menoetii,
721 4271 826 4349 n785,
840 4268 898 4350 qui
913 4270 1055 4349 Opunte,
1067 4269 1102 4330 in
1119 4266 1200 4329 urbe
1212 4268 1403 4342 hoenonum,

247 4389 431 4454 habitabat.

288 4507 396 4579 Μέδων,
413 4511 436 4564 Β
455 4508 525 4580 727,
547 4503 637 4566 filius
655 4502 738 4564 Oilei
759 4507 792 4566 et
812 4501 945 4564 Rhenes
965 4503 1000 4563 in
1019 4501 1226 4564 Thessaliam
1249 4496 1406 4579 perfugit,

249 4626 281 4686 et
295 4622 470 4687 Phthiotas
486 4621 590 4684 ducit.
