<?xml version="1.0" encoding="UTF-8"?>
<!DOCTYPE html PUBLIC "-//W3C//DTD XHTML 1.0 Transitional//EN"
    "http://www.w3.org/TR/xhtml1/DTD/xhtml1-transitional.dtd">
<html xmlns="http://www.w3.org/1999/xhtml" xml:lang="en" lang="en">
 <head>
  <title>
</title>
<meta http-equiv="Content-Type" content="text/html;charset=utf-8" />
  <meta name='ocr-system' content='tesseract 3.04.00' />
  <meta name='ocr-capabilities' content='ocr_page ocr_carea ocr_par ocr_line ocrx_word'/>
</head>
<body>
  <div class='ocr_page' id='page_1' title='image "./deeisiniliadein00dottgoog_0054.png"; bbox 0 0 3336 5430; ppageno 0'>
   <div class='ocr_carea' id='block_1_1' title="bbox 736 543 927 586">
    <p class='ocr_par' dir='ltr' id='par_1_1' title="bbox 736 543 927 586">
     <span class='ocr_line' id='line_1_1' title="bbox 736 543 927 586; baseline -0.005 0"><span class='ocrx_word' id='word_1_1' title='bbox 736 558 774 568; x_wconf 89' lang='grc'><strong>-</strong></span> <span class='ocrx_word' id='word_1_2' title='bbox 797 543 927 586; x_wconf 80' lang='lat' dir='ltr'>XXV-</span> 
     </span>
    </p>
   </div>
   <div class='ocr_carea' id='block_1_2' title="bbox 135 718 1417 819">
    <p class='ocr_par' dir='ltr' id='par_1_2' title="bbox 135 718 1417 819">
     <span class='ocr_line' id='line_1_2' title="bbox 135 718 1417 819; baseline 0.005 -20"><span class='ocrx_word' id='word_1_3' title='bbox 135 718 139 723; x_wconf 32' lang='lat'><em>*</em></span> <span class='ocrx_word' id='word_1_4' title='bbox 248 737 382 802; x_wconf 88' lang='lat' dir='ltr'><strong>videtur</strong></span> <span class='ocrx_word' id='word_1_5' title='bbox 418 740 544 802; x_wconf 78' lang='lat' dir='ltr'>Hector</span> <span class='ocrx_word' id='word_1_6' title='bbox 584 755 662 799; x_wconf 92' lang='lat' dir='ltr'><strong>cum</strong></span> <span class='ocrx_word' id='word_1_7' title='bbox 703 736 839 817; x_wconf 81' lang='lat' dir='ltr'><strong>Ajacem</strong></span> <span class='ocrx_word' id='word_1_8' title='bbox 876 736 1108 801; x_wconf 81' lang='lat' dir='ltr'><strong>Telamonium</strong></span> <span class='ocrx_word' id='word_1_9' title='bbox 1147 739 1257 805; x_wconf 86' lang='lat' dir='ltr'><strong>balteo</strong></span> <span class='ocrx_word' id='word_1_10' title='bbox 1294 741 1417 819; x_wconf 90' lang='lat' dir='ltr'><strong>donat,</strong></span> 
     </span>
    </p>
   </div>
   <div class='ocr_carea' id='block_1_3' title="bbox 248 873 441 940">
    <p class='ocr_par' dir='ltr' id='par_1_3' title="bbox 248 873 441 940">
     <span class='ocr_line' id='line_1_3' title="bbox 248 873 441 940; baseline 0 -4"><span class='ocrx_word' id='word_1_11' title='bbox 248 875 279 936; x_wconf 91' lang='lat' dir='ltr'>H</span> <span class='ocrx_word' id='word_1_12' title='bbox 295 873 441 940; x_wconf 80' lang='lat'>303-305.</span> 
     </span>
    </p>
   </div>
   <div class='ocr_carea' id='block_1_4' title="bbox 467 1054 1154 1275">
    <p class='ocr_par' dir='ltr' id='par_1_4' title="bbox 467 1054 1154 1275">
     <span class='ocr_line' id='line_1_4' title="bbox 471 1054 1104 1141; baseline 0.003 -24"><span class='ocrx_word' id='word_1_13' title='bbox 471 1057 526 1125; x_wconf 83' lang='grc' dir='ltr'><strong>Ὣς</strong></span> <span class='ocrx_word' id='word_1_14' title='bbox 540 1056 593 1141; x_wconf 85' lang='grc' dir='ltr'><strong>ἄρα</strong></span> <span class='ocrx_word' id='word_1_15' title='bbox 606 1060 737 1141; x_wconf 77' lang='grc' dir='ltr'>φωνήσας</span> <span class='ocrx_word' id='word_1_16' title='bbox 752 1059 824 1116; x_wconf 85' lang='grc' dir='ltr'>δῶκε</span> <span class='ocrx_word' id='word_1_17' title='bbox 839 1055 913 1140; x_wconf 78' lang='grc' dir='ltr'>ξίφος</span> <span class='ocrx_word' id='word_1_18' title='bbox 928 1054 1104 1140; x_wconf 78' lang='grc' dir='ltr'>ἀργυρόηλον</span> 
     </span>
     <span class='ocr_line' id='line_1_5' title="bbox 467 1191 1154 1275; baseline 0.001 -24"><span class='ocrx_word' id='word_1_19' title='bbox 467 1191 515 1251; x_wconf 82' lang='grc' dir='ltr'><strong>σὺν</strong></span> <span class='ocrx_word' id='word_1_20' title='bbox 529 1193 621 1273; x_wconf 82' lang='grc' dir='ltr'>κολεῷ</span> <span class='ocrx_word' id='word_1_21' title='bbox 636 1214 667 1250; x_wconf 83' lang='grc' dir='ltr'><strong>τε</strong></span> <span class='ocrx_word' id='word_1_22' title='bbox 683 1191 773 1275; x_wconf 79' lang='grc' dir='ltr'>φέρων</span> <span class='ocrx_word' id='word_1_23' title='bbox 789 1193 835 1250; x_wconf 81' lang='grc' dir='ltr'><strong>καὶ</strong></span> <span class='ocrx_word' id='word_1_24' title='bbox 851 1193 986 1274; x_wconf 77' lang='grc' dir='ltr'>ἐϋκμήτιρ</span> <span class='ocrx_word' id='word_1_25' title='bbox 1001 1194 1154 1271; x_wconf 81' lang='grc' dir='ltr'>τελαμῶνι.</span> 
     </span>
    </p>
   </div>
   <div class='ocr_carea' id='block_1_5' title="bbox 468 1324 1079 1407">
    <p class='ocr_par' dir='ltr' id='par_1_5' title="bbox 468 1324 1079 1407">
     <span class='ocr_line' id='line_1_6' title="bbox 468 1324 1079 1407; baseline 0.002 -23"><span class='ocrx_word' id='word_1_26' title='bbox 468 1329 541 1392; x_wconf 86' lang='grc' dir='ltr'>Α’ίας</span> <span class='ocrx_word' id='word_1_27' title='bbox 556 1324 587 1383; x_wconf 78' lang='grc' dir='ltr'><strong>δὲ</strong></span> <span class='ocrx_word' id='word_1_28' title='bbox 602 1326 735 1406; x_wconf 82' lang='grc' dir='ltr'>ζωστῆρα</span> <span class='ocrx_word' id='word_1_29' title='bbox 749 1324 823 1382; x_wconf 77' lang='grc' dir='ltr'>δίδου</span> <span class='ocrx_word' id='word_1_30' title='bbox 838 1324 940 1406; x_wconf 81' lang='grc' dir='ltr'>φοίνικι</span> <span class='ocrx_word' id='word_1_31' title='bbox 956 1329 1079 1407; x_wconf 85' lang='grc' dir='ltr'>φαεινόν.</span> 
     </span>
    </p>
   </div>
   <div class='ocr_carea' id='block_1_6' title="bbox 247 1504 1419 2525">
    <p class='ocr_par' dir='ltr' id='par_1_6' title="bbox 247 1504 1419 2525">
     <span class='ocr_line' id='line_1_7' title="bbox 287 1504 1417 1591; baseline -0.001 -17"><span class='ocrx_word' id='word_1_32' title='bbox 287 1511 368 1574; x_wconf 84' lang='lat' dir='ltr'><strong>Cum</strong></span> <span class='ocrx_word' id='word_1_33' title='bbox 382 1508 546 1590; x_wconf 87' lang='lat' dir='ltr'><strong>exemplis</strong></span> <span class='ocrx_word' id='word_1_34' title='bbox 560 1508 608 1570; x_wconf 90' lang='lat' dir='ltr'><strong>ita</strong></span> <span class='ocrx_word' id='word_1_35' title='bbox 622 1506 804 1589; x_wconf 88' lang='lat' dir='ltr'><strong>propositis</strong></span> <span class='ocrx_word' id='word_1_36' title='bbox 820 1508 902 1570; x_wconf 74' lang='lat' dir='ltr'><strong>saus</strong></span> <span class='ocrx_word' id='word_1_37' title='bbox 917 1504 1095 1588; x_wconf 90' lang='lat' dir='ltr'><strong>probatum</strong></span> <span class='ocrx_word' id='word_1_38' title='bbox 1115 1526 1193 1574; x_wconf 84' lang='lat' dir='ltr'><strong>esse</strong></span> <span class='ocrx_word' id='word_1_39' title='bbox 1213 1508 1417 1591; x_wconf 75' lang='lat' dir='ltr'><strong>Judicemus‚</strong></span> 
     </span>
     <span class='ocr_line' id='line_1_8' title="bbox 249 1637 1417 1724; baseline 0.001 -19"><span class='ocrx_word' id='word_1_40' title='bbox 249 1642 467 1724; x_wconf 89' lang='lat' dir='ltr'><strong>aliaquorum</strong></span> <span class='ocrx_word' id='word_1_41' title='bbox 476 1637 793 1722; x_wconf 76' lang='lat' dir='ltr'><strong>copiamagnaforet</strong></span> <span class='ocrx_word' id='word_1_42' title='bbox 802 1638 1017 1720; x_wconf 80' lang='lat' dir='ltr'>suppeditare</span> <span class='ocrx_word' id='word_1_43' title='bbox 1030 1658 1323 1722; x_wconf 85' lang='lat' dir='ltr'><strong>supervacaneum</strong></span> <span class='ocrx_word' id='word_1_44' title='bbox 1334 1642 1417 1706; x_wconf 87' lang='lat' dir='ltr'><strong>est¹.</strong></span> 
     </span>
     <span class='ocr_line' id='line_1_9' title="bbox 248 1769 1419 1856; baseline -0.002 -18"><span class='ocrx_word' id='word_1_45' title='bbox 248 1777 426 1838; x_wconf 87' lang='lat' dir='ltr'><strong>Praeterea</strong></span> <span class='ocrx_word' id='word_1_46' title='bbox 439 1775 474 1837; x_wconf 93' lang='lat' dir='ltr'><strong>in</strong></span> <span class='ocrx_word' id='word_1_47' title='bbox 489 1772 662 1836; x_wconf 87' lang='lat' dir='ltr'>nonnullis</span> <span class='ocrx_word' id='word_1_48' title='bbox 687 1788 803 1835; x_wconf 91' lang='lat' dir='ltr'><strong>eorum</strong></span> <span class='ocrx_word' id='word_1_49' title='bbox 823 1769 1066 1836; x_wconf 85' lang='lat' dir='ltr'><strong>vocabulorum</strong></span> <span class='ocrx_word' id='word_1_50' title='bbox 1091 1779 1229 1856; x_wconf 90' lang='lat' dir='ltr'><strong>apparet</strong></span> <span class='ocrx_word' id='word_1_51' title='bbox 1253 1773 1419 1856; x_wconf 85' lang='lat' dir='ltr'><strong>quaedam</strong></span> 
     </span>
     <span class='ocr_line' id='line_1_10' title="bbox 247 1906 1418 1993; baseline -0.003 -22"><span class='ocrx_word' id='word_1_52' title='bbox 247 1909 346 1990; x_wconf 89' lang='lat' dir='ltr'><strong>qnasi</strong></span> <span class='ocrx_word' id='word_1_53' title='bbox 373 1907 507 1993; x_wconf 84' lang='lat' dir='ltr'><strong>residua</strong></span> <span class='ocrx_word' id='word_1_54' title='bbox 534 1906 756 1988; x_wconf 82' lang='lat' dir='ltr'><strong>etymologiae</strong></span> <span class='ocrx_word' id='word_1_55' title='bbox 794 1906 978 1984; x_wconf 89' lang='lat' dir='ltr'><strong>memoria;</strong></span> <span class='ocrx_word' id='word_1_56' title='bbox 1008 1911 1242 1989; x_wconf 88' lang='lat' dir='ltr'><strong>proponantur</strong></span> <span class='ocrx_word' id='word_1_57' title='bbox 1269 1908 1418 1988; x_wconf 87' lang='lat' dir='ltr'><strong>exempli</strong></span> 
     </span>
     <span class='ocr_line' id='line_1_11' title="bbox 248 2037 1417 2120; baseline -0.002 -14"><span class='ocrx_word' id='word_1_58' title='bbox 248 2043 354 2120; x_wconf 80' lang='lat' dir='ltr'><strong>gratia</strong></span> <span class='ocrx_word' id='word_1_59' title='bbox 369 2044 507 2120; x_wconf 81' lang='grc' dir='ltr'>Τελαμών</span> <span class='ocrx_word' id='word_1_60' title='bbox 523 2045 556 2102; x_wconf 81' lang='lat' dir='ltr'><strong>ei</strong></span> <span class='ocrx_word' id='word_1_61' title='bbox 577 2041 715 2117; x_wconf 77' lang='grc' dir='ltr'>Πασιθέη.</span> <span class='ocrx_word' id='word_1_62' title='bbox 732 2037 903 2102; x_wconf 86' lang='lat' dir='ltr'><strong>Nonnulla</strong></span> <span class='ocrx_word' id='word_1_63' title='bbox 924 2037 1076 2119; x_wconf 86' lang='lat' dir='ltr'><strong>ejusdem</strong></span> <span class='ocrx_word' id='word_1_64' title='bbox 1094 2040 1228 2118; x_wconf 78' lang='lat' dir='ltr'><strong>generis</strong></span> <span class='ocrx_word' id='word_1_65' title='bbox 1244 2041 1417 2120; x_wconf 81' lang='lat' dir='ltr'><strong>atragiois</strong></span> 
     </span>
     <span class='ocr_line' id='line_1_12' title="bbox 247 2169 1416 2256; baseline -0.003 -16"><span class='ocrx_word' id='word_1_66' title='bbox 247 2176 423 2256; x_wconf 82' lang='lat' dir='ltr'><strong>desumpta</strong></span> <span class='ocrx_word' id='word_1_67' title='bbox 447 2190 526 2236; x_wconf 93' lang='lat' dir='ltr'><strong>cum</strong></span> <span class='ocrx_word' id='word_1_68' title='bbox 549 2173 592 2236; x_wconf 91' lang='lat' dir='ltr'><strong>iis</strong></span> <span class='ocrx_word' id='word_1_69' title='bbox 616 2169 758 2236; x_wconf 80' lang='lat' dir='ltr'><strong>conferri</strong></span> <span class='ocrx_word' id='word_1_70' title='bbox 782 2176 934 2252; x_wconf 85' lang='lat' dir='ltr'><strong>possunt.</strong></span> <span class='ocrx_word' id='word_1_71' title='bbox 949 2173 998 2235; x_wconf 89' lang='lat' dir='ltr'><strong>De</strong></span> <span class='ocrx_word' id='word_1_72' title='bbox 1022 2174 1159 2236; x_wconf 91' lang='lat' dir='ltr'><strong>nomine</strong></span> <span class='ocrx_word' id='word_1_73' title='bbox 1180 2172 1287 2253; x_wconf 80' lang='grc' dir='ltr'>Ἑλένη</span> <span class='ocrx_word' id='word_1_74' title='bbox 1307 2175 1416 2237; x_wconf 90' lang='lat' dir='ltr'><strong>inter-</strong></span> 
     </span>
     <span class='ocr_line' id='line_1_13' title="bbox 247 2305 1417 2392; baseline -0.003 -19"><span class='ocrx_word' id='word_1_75' title='bbox 247 2310 389 2392; x_wconf 86' lang='lat' dir='ltr'><strong>pretatio</strong></span> <span class='ocrx_word' id='word_1_76' title='bbox 400 2306 564 2389; x_wconf 83' lang='lat' dir='ltr'><strong>quaedam</strong></span> <span class='ocrx_word' id='word_1_77' title='bbox 575 2305 618 2368; x_wconf 91' lang='lat' dir='ltr'><strong>ab</strong></span> <span class='ocrx_word' id='word_1_78' title='bbox 630 2305 799 2386; x_wconf 81' lang='lat' dir='ltr'><strong>Aeschylo</strong></span> <span class='ocrx_word' id='word_1_79' title='bbox 813 2305 985 2386; x_wconf 88' lang='lat' dir='ltr'><strong>proposita</strong></span> <span class='ocrx_word' id='word_1_80' title='bbox 997 2309 1050 2368; x_wconf 87' lang='lat' dir='ltr'><strong>est</strong></span> <span class='ocrx_word' id='word_1_81' title='bbox 1066 2307 1101 2369; x_wconf 95' lang='lat' dir='ltr'><strong>in</strong></span> <span class='ocrx_word' id='word_1_82' title='bbox 1111 2306 1214 2370; x_wconf 93' lang='lat' dir='ltr'><strong>choro</strong></span> <span class='ocrx_word' id='word_1_83' title='bbox 1225 2306 1417 2386; x_wconf 70' lang='lat' dir='ltr'><strong>tragoediae</strong></span> 
     </span>
     <span class='ocr_line' id='line_1_14' title="bbox 247 2436 1033 2525; baseline -0.009 -18"><span class='ocrx_word' id='word_1_84' title='bbox 247 2460 333 2525; x_wconf 89' lang='lat' dir='ltr'><strong>qnae</strong></span> <span class='ocrx_word' id='word_1_85' title='bbox 348 2447 585 2520; x_wconf 72' lang='lat' dir='ltr'><strong>Apamemnon</strong></span> <span class='ocrx_word' id='word_1_86' title='bbox 598 2436 805 2512; x_wconf 71' lang='lat' dir='ltr'><strong>inscribitur,</strong></span> <span class='ocrx_word' id='word_1_87' title='bbox 823 2457 855 2502; x_wconf 89' lang='lat' dir='ltr'><strong>v.</strong></span> <span class='ocrx_word' id='word_1_88' title='bbox 871 2437 1008 2502; x_wconf 84' lang='grc'>681-683</span> <span class='ocrx_word' id='word_1_89' title='bbox 1024 2457 1033 2500; x_wconf 91' lang='lat'><strong>:</strong></span> 
     </span>
    </p>
   </div>
   <div class='ocr_carea' id='block_1_7' title="bbox 545 2624 902 2837">
    <p class='ocr_par' dir='ltr' id='par_1_7' title="bbox 545 2624 902 2837">
     <span class='ocr_line' id='line_1_15' title="bbox 545 2624 902 2705; baseline -0.006 -19"><span class='ocrx_word' id='word_1_90' title='bbox 545 2630 586 2694; x_wconf 79' lang='grc' dir='ltr'><strong>τίς</strong></span> <span class='ocrx_word' id='word_1_91' title='bbox 599 2626 667 2687; x_wconf 87' lang='grc' dir='ltr'>ποτ’</span> <span class='ocrx_word' id='word_1_92' title='bbox 683 2625 827 2705; x_wconf 82' lang='grc' dir='ltr'>ὠνόμαζεν</span> <span class='ocrx_word' id='word_1_93' title='bbox 843 2624 902 2685; x_wconf 83' lang='grc' dir='ltr'><strong>ὧδ’</strong></span> 
     </span>
     <span class='ocr_line' id='line_1_16' title="bbox 547 2761 852 2837; baseline -0.013 -17"><span class='ocrx_word' id='word_1_94' title='bbox 547 2763 574 2827; x_wconf 82' lang='grc' dir='ltr'><strong>ἐς</strong></span> <span class='ocrx_word' id='word_1_95' title='bbox 587 2765 620 2819; x_wconf 77' lang='grc' dir='ltr'><strong>τὸ</strong></span> <span class='ocrx_word' id='word_1_96' title='bbox 632 2767 687 2819; x_wconf 82' lang='grc' dir='ltr'><strong>πᾶν</strong></span> <span class='ocrx_word' id='word_1_97' title='bbox 704 2761 852 2837; x_wconf 82' lang='grc' dir='ltr'>ἐτητύμως</span> 
     </span>
    </p>
   </div>
   <div class='ocr_carea' id='block_1_8' title="bbox 547 2889 1126 2973">
    <p class='ocr_par' dir='ltr' id='par_1_8' title="bbox 547 2889 1126 2973">
     <span class='ocr_line' id='line_1_17' title="bbox 547 2889 1126 2973; baseline 0 -21"><span class='ocrx_word' id='word_1_98' title='bbox 547 2893 700 2964; x_wconf 80' lang='grc' dir='ltr'>ἒλὲναυς,</span> <span class='ocrx_word' id='word_1_99' title='bbox 728 2889 903 2973; x_wconf 83' lang='grc' dir='ltr'>ἕλανδρος,</span> <span class='ocrx_word' id='word_1_100' title='bbox 930 2892 1126 2960; x_wconf 79' lang='grc' dir='ltr'>ἑλέπτολις.</span> 
     </span>
    </p>
   </div>
   <div class='ocr_carea' id='block_1_9' title="bbox 284 3083 1412 3168">
    <p class='ocr_par' dir='ltr' id='par_1_9' title="bbox 284 3083 1412 3168">
     <span class='ocr_line' id='line_1_18' title="bbox 284 3083 1412 3168; baseline -0.002 -16"><span class='ocrx_word' id='word_1_101' title='bbox 284 3090 323 3152; x_wconf 94' lang='lat' dir='ltr'><strong>In</strong></span> <span class='ocrx_word' id='word_1_102' title='bbox 336 3093 443 3165; x_wconf 74' lang='lat' dir='ltr'><strong>ajace</strong></span> <span class='ocrx_word' id='word_1_103' title='bbox 459 3085 645 3168; x_wconf 81' lang='lat' dir='ltr'><strong>Sophoclis,</strong></span> <span class='ocrx_word' id='word_1_104' title='bbox 663 3101 761 3148; x_wconf 90' lang='lat' dir='ltr'><strong>versu</strong></span> <span class='ocrx_word' id='word_1_105' title='bbox 776 3085 858 3163; x_wconf 79' lang='lat'><strong>430⁰,</strong></span> <span class='ocrx_word' id='word_1_106' title='bbox 876 3083 1102 3149; x_wconf 80' lang='lat' dir='ltr'><strong>calamitatem</strong></span> <span class='ocrx_word' id='word_1_107' title='bbox 1117 3083 1182 3150; x_wconf 90' lang='lat' dir='ltr'><strong>sibi</strong></span> <span class='ocrx_word' id='word_1_108' title='bbox 1198 3091 1335 3150; x_wconf 88' lang='lat' dir='ltr'><strong>nomine</strong></span> <span class='ocrx_word' id='word_1_109' title='bbox 1350 3104 1412 3150; x_wconf 90' lang='lat' dir='ltr'><strong>suo</strong></span> 
     </span>
    </p>
   </div>
   <div class='ocr_carea' id='block_1_10' title="bbox 245 3220 655 3306">
    <p class='ocr_par' dir='ltr' id='par_1_10' title="bbox 245 3220 655 3306">
     <span class='ocr_line' id='line_1_19' title="bbox 245 3220 655 3306; baseline -0.01 -18"><span class='ocrx_word' id='word_1_110' title='bbox 245 3222 400 3306; x_wconf 91' lang='lat' dir='ltr'><strong>portendi</strong></span> <span class='ocrx_word' id='word_1_111' title='bbox 415 3224 534 3285; x_wconf 89' lang='lat' dir='ltr'><strong>censet</strong></span> <span class='ocrx_word' id='word_1_112' title='bbox 546 3220 631 3301; x_wconf 83' lang='lat' dir='ltr'><strong>Ajax</strong></span> <span class='ocrx_word' id='word_1_113' title='bbox 647 3240 655 3284; x_wconf 76' lang='grc' dir='ltr'>ε</span> 
     </span>
    </p>
   </div>
   <div class='ocr_carea' id='block_1_11' title="bbox 410 3406 1149 3620">
    <p class='ocr_par' dir='ltr' id='par_1_11' title="bbox 410 3406 1149 3620">
     <span class='ocr_line' id='line_1_20' title="bbox 507 3406 1079 3489; baseline -0.002 -21"><span class='ocrx_word' id='word_1_114' title='bbox 507 3407 537 3469; x_wconf 76' lang='grc' dir='ltr'><strong>αἶ</strong></span> <span class='ocrx_word' id='word_1_115' title='bbox 552 3407 581 3468; x_wconf 81' lang='grc' dir='ltr'><strong>αἷ</strong></span> <span class='ocrx_word' id='word_1_116' title='bbox 595 3409 636 3476; x_wconf 85' lang='grc' dir='ltr'><strong>τίς</strong></span> <span class='ocrx_word' id='word_1_117' title='bbox 650 3407 682 3468; x_wconf 78' lang='grc' dir='ltr'><strong>ἄν</strong></span> <span class='ocrx_word' id='word_1_118' title='bbox 697 3406 765 3468; x_wconf 86' lang='grc' dir='ltr'>ποτ’</span> <span class='ocrx_word' id='word_1_119' title='bbox 782 3408 851 3469; x_wconf 80' lang='grc' dir='ltr'>ὥιθ’</span> <span class='ocrx_word' id='word_1_120' title='bbox 865 3406 920 3467; x_wconf 84' lang='grc' dir='ltr'><strong>ὧδ’</strong></span> <span class='ocrx_word' id='word_1_121' title='bbox 933 3411 1079 3489; x_wconf 82' lang='grc' dir='ltr'>ἐπώνυμον</span> 
     </span>
     <span class='ocr_line' id='line_1_21' title="bbox 410 3539 1149 3620; baseline 0.001 -21"><span class='ocrx_word' id='word_1_122' title='bbox 410 3605 412 3608; x_wconf 49' lang='grc'>,</span> <span class='ocrx_word' id='word_1_123' title='bbox 504 3539 607 3620; x_wconf 79' lang='grc' dir='ltr'>τούμὸν</span> <span class='ocrx_word' id='word_1_124' title='bbox 624 3539 753 3608; x_wconf 78' lang='grc' dir='ltr'>ξυνοίσειν</span> <span class='ocrx_word' id='word_1_125' title='bbox 769 3544 858 3620; x_wconf 77' lang='grc' dir='ltr'>ὄνομα</span> <span class='ocrx_word' id='word_1_126' title='bbox 872 3551 929 3608; x_wconf 87' lang='grc' dir='ltr'>τοῖς</span> <span class='ocrx_word' id='word_1_127' title='bbox 945 3543 1020 3618; x_wconf 81' lang='grc' dir='ltr'>ἐμοῖς</span> <span class='ocrx_word' id='word_1_128' title='bbox 1035 3551 1149 3617; x_wconf 78' lang='grc' dir='ltr'>κακοῖς;</span> 
     </span>
    </p>
   </div>
   <div class='ocr_carea' id='block_1_12' title="bbox 503 3671 1097 3758">
    <p class='ocr_par' dir='ltr' id='par_1_12' title="bbox 503 3671 1097 3758">
     <span class='ocr_line' id='line_1_22' title="bbox 503 3671 1097 3758; baseline 0.007 -26"><span class='ocrx_word' id='word_1_129' title='bbox 503 3684 549 3734; x_wconf 76' lang='grc' dir='ltr'><strong>νῦν</strong></span> <span class='ocrx_word' id='word_1_130' title='bbox 565 3671 617 3758; x_wconf 75' lang='grc' dir='ltr'><strong>γὰρ</strong></span> <span class='ocrx_word' id='word_1_131' title='bbox 632 3675 748 3756; x_wconf 84' lang='grc' dir='ltr'>πάρεστι</span> <span class='ocrx_word' id='word_1_132' title='bbox 763 3678 809 3735; x_wconf 81' lang='grc' dir='ltr'><strong>καὶ</strong></span> <span class='ocrx_word' id='word_1_133' title='bbox 824 3677 863 3742; x_wconf 67' lang='lat' dir='ltr'><strong>tt&lt;</strong></span> <span class='ocrx_word' id='word_1_134' title='bbox 878 3673 1008 3743; x_wconf 79' lang='grc' dir='ltr'>αἱάζειν</span> <span class='ocrx_word' id='word_1_135' title='bbox 1025 3677 1097 3754; x_wconf 80' lang='grc' dir='ltr'>ἐμοί.</span> 
     </span>
    </p>
   </div>
   <div class='ocr_carea' id='block_1_13' title="bbox 178 3868 1417 4214">
    <p class='ocr_par' dir='ltr' id='par_1_13' title="bbox 178 3868 1417 4214">
     <span class='ocr_line' id='line_1_23' title="bbox 284 3868 1417 3965; baseline -0.002 -32"><span class='ocrx_word' id='word_1_136' title='bbox 284 3872 328 3934; x_wconf 87' lang='lat' dir='ltr'><strong>At</strong></span> <span class='ocrx_word' id='word_1_137' title='bbox 342 3868 496 3950; x_wconf 87' lang='lat' dir='ltr'><strong>exempla</strong></span> <span class='ocrx_word' id='word_1_138' title='bbox 510 3886 595 3950; x_wconf 89' lang='lat' dir='ltr'><strong>quae</strong></span> <span class='ocrx_word' id='word_1_139' title='bbox 612 3887 653 3932; x_wconf 87' lang='lat' dir='ltr'><strong>ex</strong></span> <span class='ocrx_word' id='word_1_140' title='bbox 668 3869 772 3933; x_wconf 87' lang='lat' dir='ltr'><strong>Iliade</strong></span> <span class='ocrx_word' id='word_1_141' title='bbox 788 3870 1009 3950; x_wconf 89' lang='lat' dir='ltr'><strong>sumpsimus,</strong></span> <span class='ocrx_word' id='word_1_142' title='bbox 1021 3869 1049 3932; x_wconf 89' lang='lat' dir='ltr'><strong>si</strong></span> <span class='ocrx_word' id='word_1_143' title='bbox 1062 3869 1221 3951; x_wconf 87' lang='lat' dir='ltr'><strong>pleraque</strong></span> <span class='ocrx_word' id='word_1_144' title='bbox 1231 3868 1417 3965; x_wconf 83' lang='lat' dir='ltr'><strong>ostendunt</strong></span> 
     </span>
     <span class='ocr_line' id='line_1_24' title="bbox 246 4000 1416 4084; baseline -0.002 -18"><span class='ocrx_word' id='word_1_145' title='bbox 246 4002 480 4082; x_wconf 77' lang='lat' dir='ltr'><strong>cognationem</strong></span> <span class='ocrx_word' id='word_1_146' title='bbox 493 4000 679 4084; x_wconf 49' lang='lat' dir='ltr'><strong>*quamdam</strong></span> <span class='ocrx_word' id='word_1_147' title='bbox 703 4000 879 4065; x_wconf 84' lang='lat' dir='ltr'><strong>manifesto</strong></span> <span class='ocrx_word' id='word_1_148' title='bbox 894 4002 1085 4065; x_wconf 88' lang='lat' dir='ltr'><strong>institutam</strong></span> <span class='ocrx_word' id='word_1_149' title='bbox 1098 4003 1199 4065; x_wconf 86' lang='lat' dir='ltr'><strong>inter</strong></span> <span class='ocrx_word' id='word_1_150' title='bbox 1222 4016 1347 4064; x_wconf 86' lang='lat' dir='ltr'><strong>nornen</strong></span> <span class='ocrx_word' id='word_1_151' title='bbox 1361 4001 1416 4082; x_wconf 91' lang='lat' dir='ltr'><strong>ip-</strong></span> 
     </span>
     <span class='ocr_line' id='line_1_25' title="bbox 178 4128 1416 4214; baseline -0.004 -17"><span class='ocrx_word' id='word_1_152' title='bbox 178 4146 181 4153; x_wconf 85' lang='lat'>·</span> <span class='ocrx_word' id='word_1_153' title='bbox 246 4151 322 4198; x_wconf 90' lang='lat' dir='ltr'><strong>sum</strong></span> <span class='ocrx_word' id='word_1_154' title='bbox 344 4137 378 4198; x_wconf 84' lang='lat' dir='ltr'><strong>et</strong></span> <span class='ocrx_word' id='word_1_155' title='bbox 400 4136 513 4214; x_wconf 87' lang='lat' dir='ltr'><strong>partes</strong></span> <span class='ocrx_word' id='word_1_156' title='bbox 529 4131 572 4196; x_wconf 91' lang='lat' dir='ltr'><strong>ab</strong></span> <span class='ocrx_word' id='word_1_157' title='bbox 595 4150 635 4196; x_wconf 93' lang='lat' dir='ltr'><strong>eo</strong></span> <span class='ocrx_word' id='word_1_158' title='bbox 660 4137 835 4214; x_wconf 88' lang='lat' dir='ltr'><strong>susceptas</strong></span> <span class='ocrx_word' id='word_1_159' title='bbox 849 4133 903 4196; x_wconf 91' lang='lat' dir='ltr'><strong>cui</strong></span> <span class='ocrx_word' id='word_1_160' title='bbox 919 4128 1117 4214; x_wconf 90' lang='lat' dir='ltr'><strong>impositum</strong></span> <span class='ocrx_word' id='word_1_161' title='bbox 1139 4134 1201 4212; x_wconf 90' lang='lat' dir='ltr'><strong>est,</strong></span> <span class='ocrx_word' id='word_1_162' title='bbox 1218 4148 1287 4196; x_wconf 93' lang='lat' dir='ltr'><strong>non</strong></span> <span class='ocrx_word' id='word_1_163' title='bbox 1303 4134 1416 4195; x_wconf 84' lang='lat' dir='ltr'><strong>autem</strong></span> 
     </span>
    </p>
   </div>
   <div class='ocr_carea' id='block_1_14' title="bbox 205 4393 1416 4642">
    <p class='ocr_par' dir='ltr' id='par_1_14' title="bbox 205 4393 1416 4642">
     <span class='ocr_line' id='line_1_26' title="bbox 205 4393 1416 4466; baseline -0.003 -18"><span class='ocrx_word' id='word_1_164' title='bbox 205 4434 208 4438; x_wconf 82' lang='lat'>-</span> <span class='ocrx_word' id='word_1_165' title='bbox 276 4399 299 4448; x_wconf 87' lang='lat'><strong>1.</strong></span> <span class='ocrx_word' id='word_1_166' title='bbox 323 4395 453 4466; x_wconf 79' lang='grc' dir='ltr'>Δύσπαρις</span> <span class='ocrx_word' id='word_1_167' title='bbox 472 4403 510 4447; x_wconf 83' lang='lat' dir='ltr'><strong>est</strong></span> <span class='ocrx_word' id='word_1_168' title='bbox 533 4398 618 4448; x_wconf 79' lang='lat' dir='ltr'><strong>infelix</strong></span> <span class='ocrx_word' id='word_1_169' title='bbox 639 4399 709 4447; x_wconf 85' lang='lat' dir='ltr'><strong>Paris</strong></span> <span class='ocrx_word' id='word_1_170' title='bbox 729 4399 777 4447; x_wconf 88' lang='lat' dir='ltr'><strong>nisi</strong></span> <span class='ocrx_word' id='word_1_171' title='bbox 795 4399 856 4448; x_wconf 83' lang='lat' dir='ltr'><strong>torte</strong></span> <span class='ocrx_word' id='word_1_172' title='bbox 878 4398 966 4447; x_wconf 86' lang='lat' dir='ltr'><strong>Hector</strong></span> <span class='ocrx_word' id='word_1_173' title='bbox 987 4397 1062 4457; x_wconf 74' lang='lat'><strong>1¹39,</strong></span> <span class='ocrx_word' id='word_1_174' title='bbox 1081 4397 1102 4446; x_wconf 92' lang='lat' dir='ltr'><strong>N</strong></span> <span class='ocrx_word' id='word_1_175' title='bbox 1121 4397 1167 4446; x_wconf 81' lang='grc'><strong>269</strong></span> <span class='ocrx_word' id='word_1_176' title='bbox 1187 4393 1285 4447; x_wconf 77' lang='lat' dir='ltr'><strong>fratrem</strong></span> <span class='ocrx_word' id='word_1_177' title='bbox 1303 4396 1416 4445; x_wconf 89' lang='lat' dir='ltr'><strong>miserum</strong></span> 
     </span>
     <span class='ocr_line' id='line_1_27' title="bbox 244 4484 1416 4566; baseline -0.003 -30"><span class='ocrx_word' id='word_1_178' title='bbox 244 4485 388 4536; x_wconf 87' lang='lat' dir='ltr'><strong>bellatorem</strong></span> <span class='ocrx_word' id='word_1_179' title='bbox 399 4484 493 4554; x_wconf 83' lang='grc' dir='ltr'>(πάρις)</span> <span class='ocrx_word' id='word_1_180' title='bbox 508 4500 563 4536; x_wconf 84' lang='lat' dir='ltr'><strong>cese</strong></span> <span class='ocrx_word' id='word_1_181' title='bbox 578 4486 650 4536; x_wconf 88' lang='lat' dir='ltr'><strong>dicet.</strong></span> <span class='ocrx_word' id='word_1_182' title='bbox 671 4485 707 4535; x_wconf 80' lang='lat' dir='ltr'><strong>ct.</strong></span> <span class='ocrx_word' id='word_1_183' title='bbox 721 4487 813 4554; x_wconf 85' lang='grc' dir='ltr'>’Άιρον</span> <span class='ocrx_word' id='word_1_184' title='bbox 829 4506 845 4537; x_wconf 77' lang='lat' dir='ltr'><strong>c</strong></span> <span class='ocrx_word' id='word_1_185' title='bbox 859 4486 888 4536; x_wconf 81' lang='lat'><strong>73</strong></span> <span class='ocrx_word' id='word_1_186' title='bbox 903 4487 968 4549; x_wconf 90' lang='lat' dir='ltr'><strong>quod</strong></span> <span class='ocrx_word' id='word_1_187' title='bbox 984 4486 1106 4549; x_wconf 79' lang='lat' dir='ltr'><strong>siguificat</strong></span> <span class='ocrx_word' id='word_1_188' title='bbox 1121 4485 1201 4548; x_wconf 89' lang='lat' dir='ltr'><strong>potius</strong></span> <span class='ocrx_word' id='word_1_189' title='bbox 1219 4505 1230 4529; x_wconf 78' lang='grc' dir='ltr'><strong>ιι</strong></span> <span class='ocrx_word' id='word_1_190' title='bbox 1246 4484 1288 4547; x_wconf 88' lang='lat' dir='ltr'><strong>qui</strong></span> <span class='ocrx_word' id='word_1_191' title='bbox 1304 4498 1352 4532; x_wconf 93' lang='lat' dir='ltr'><strong>non</strong></span> <span class='ocrx_word' id='word_1_192' title='bbox 1365 4497 1416 4566; x_wconf 76' lang='lat' dir='ltr'><strong>arn-</strong></span> 
     </span>
     <span class='ocr_line' id='line_1_28' title="bbox 246 4572 1121 4642; baseline -0.002 -18"><span class='ocrx_word' id='word_1_193' title='bbox 246 4574 310 4639; x_wconf 86' lang='lat' dir='ltr'><strong>plius</strong></span> <span class='ocrx_word' id='word_1_194' title='bbox 325 4575 437 4624; x_wconf 78' lang='lat' dir='ltr'><strong>nuntius</strong></span> <span class='ocrx_word' id='word_1_195' title='bbox 452 4572 523 4642; x_wconf 79' lang='grc' dir='ltr'>(ἶρος)</span> <span class='ocrx_word' id='word_1_196' title='bbox 539 4576 585 4624; x_wconf 89' lang='lat' dir='ltr'><strong>crit</strong></span> <span class='ocrx_word' id='word_1_197' title='bbox 600 4595 612 4620; x_wconf 89' lang='lat'>»</span> <span class='ocrx_word' id='word_1_198' title='bbox 623 4590 695 4639; x_wconf 86' lang='lat' dir='ltr'><strong>quem</strong></span> <span class='ocrx_word' id='word_1_199' title='bbox 706 4595 717 4620; x_wconf 75' lang='grc' dir='ltr'>ο</span> <span class='ocrx_word' id='word_1_200' title='bbox 736 4576 778 4639; x_wconf 87' lang='lat' dir='ltr'><strong>qui</strong></span> <span class='ocrx_word' id='word_1_201' title='bbox 792 4589 841 4624; x_wconf 91' lang='lat' dir='ltr'><strong>nou</strong></span> <span class='ocrx_word' id='word_1_202' title='bbox 855 4575 959 4638; x_wconf 90' lang='lat' dir='ltr'><strong>amplius</strong></span> <span class='ocrx_word' id='word_1_203' title='bbox 975 4574 1026 4624; x_wconf 89' lang='lat' dir='ltr'><strong>lrus</strong></span> <span class='ocrx_word' id='word_1_204' title='bbox 1041 4575 1087 4623; x_wconf 88' lang='lat' dir='ltr'><strong>erit</strong></span> <span class='ocrx_word' id='word_1_205' title='bbox 1099 4592 1121 4622; x_wconf 79' lang='lat' dir='ltr'><strong>u.</strong></span> 
     </span>
    </p>
   </div>
   <div class='ocr_carea' id='block_1_15' title="bbox 0 0 1672 5430">
    <p class='ocr_par' dir='ltr' id='par_1_15' title="bbox 0 0 1672 5430">
     <span class='ocr_line' id='line_1_29' title="bbox 0 0 1672 5430; baseline 0 1"><span class='ocrx_word' id='word_1_206' title='bbox 0 0 1672 5430; x_wconf 95' lang='lat' dir='ltr'><strong> </strong></span> 
     </span>
    </p>
   </div>
  </div>
 </body>
</html>
