3336 5430
463 1585 690 1681 CAPUT
747 1584 1086 1696 QUARTUM

516 2075 577 2138 De
606 2077 782 2138 accentu
809 2075 1034 2140 nominum.

232 2443 271 2506 ln
296 2441 473 2523 permultis
500 2457 719 2521 personarum
752 2438 947 2504 nominibus
970 2458 1057 2522 quae
1088 2458 1156 2504 non
1184 2442 1259 2505 ideo
1286 2446 1368 2504 tan-¹

193 2567 264 2622 tum
292 2557 494 2622 adhibentur
517 2562 557 2620 ut
581 2557 798 2634 designentur
827 2573 1006 2637 personae,
1035 2577 1053 2620 e
1083 2557 1213 2640 syllaba
1236 2560 1272 2621 in
1294 2559 1365 2640 syl-

191 2674 303 2738 labam
340 2675 479 2738 alteram
520 2673 619 2756 quasi
656 2671 847 2734 traducitur
877 2677 1039 2736 accentus
1069 2678 1108 2736 ut
1140 2675 1367 2752 distinguatur

191 2795 305 2856 utrum
337 2808 482 2871 persona
511 2788 749 2853 denominetur
773 2806 816 2850 an
845 2787 1049 2852 vocabulum
1073 2790 1162 2854 idem
1187 2809 1366 2855 commune

189 2905 382 2970 habendum
411 2907 466 2970 sit.
485 2908 613 2986 Operae
633 2905 779 2986 pretium
800 2908 851 2968 est
876 2905 1044 2987 inquirere
1070 2924 1238 2989 quaenam
1265 2907 1367 2971 fuerit

190 3024 288 3086 iniis
314 3021 507 3087 nominibus
530 3024 709 3084 accentum
737 3020 934 3101 imponendi
961 3022 1045 3084 ratio
1074 3040 1162 3104 quae
1191 3023 1233 3087 ad
1266 3025 1365 3087 resti-

191 3114 350 3203 tuendam
374 3140 540 3202 rationem
568 3137 832 3200 vetustissimam
865 3115 1063 3200 nonnullius
1100 3141 1261 3203 momenti
1292 3159 1366 3205 esse

190 3255 334 3320 videtur.

230 3370 429 3435 Sedfrustra
440 3373 646 3453 quaerantur
657 3368 1023 3451 documentaequibus
1034 3387 1112 3434 vere
1123 3373 1281 3452 cognosci
1293 3391 1366 3454 pos·

191 3490 235 3552 sit
242 3505 409 3571 quaenam
421 3486 521 3550 fuerit
531 3505 571 3552 ea
581 3490 690 3550 aetate
701 3504 768 3568 qua
777 3487 1002 3568 compositum
1013 3491 1066 3551 est
1080 3505 1214 3552 carmen
1226 3489 1366 3554 Iliacum

189 3605 570 3685 accentumimponendi
585 3603 681 3666 ratio.
694 3602 862 3684 Quidquid
876 3602 1015 3666 enimde
1030 3605 1194 3693 positione
1205 3610 1366 3671 accentus

188 3723 225 3785 in
239 3720 343 3785 Iliade
358 3721 561 3802 scripserunt
576 3720 784 3797 grammatici
800 3719 938 3782 minime
954 3723 1085 3783 certum
1104 3725 1167 3797 est,
1190 3740 1268 3785 cum
1286 3724 1365 3786 ilias

188 3839 287 3917 longe
303 3843 381 3903 ante
397 3837 581 3919 composita
597 3837 640 3899 sit
650 3854 752 3918 quam
764 3836 899 3916 scripta,
913 3837 1066 3918 etapices
1076 3842 1208 3901 tantum
1220 3839 1260 3902 ab
1272 3840 1365 3903 Aris-

191 3955 336 4037 tophane
367 3955 547 4036 Byzanti0‚
579 3952 726 4017 secundo
756 3957 833 4016 ante
866 3954 1030 4016 Christum
1064 3958 1181 4018 natum
1216 3957 1363 4034 saeculo,

188 4072 317 4134 inventi
331 4071 410 4134 sint.
428 4072 454 4132 ll
469 4069 644 4151 principiis
659 4087 744 4151 quae
767 4072 825 4131 aut
846 4070 933 4132 inter
951 4071 1081 4133 Atticos
1101 4076 1158 4135 aut
1178 4072 1266 4136 inter
1284 4075 1363 4137 Ale-

189 4187 374 4252 xandrinos
388 4188 571 4266 viguerunt
585 4187 727 4249 carmini
745 4186 849 4248 lliaco
864 4186 954 4267 quod
974 4205 1065 4250 nunc
1084 4190 1245 4269 scriptum
1259 4189 1365 4253 habe-

189 4281 265 4368 mus
281 4305 461 4385 impositus
477 4307 528 4367 est
540 4306 713 4376 accentus,
725 4301 1019 4365 siveAlexandrini
1035 4304 1212 4383 diligenter
1226 4309 1365 4369 notave-

189 4422 256 4483 rint
284 4437 433 4502 quonam
461 4419 561 4484 modo
584 4418 689 4482 verba
718 4422 825 4483 aetate
853 4437 915 4482 sua
946 4423 1261 4500 pronuntiarentur,
1292 4424 1364 4486 sive

188 4538 376 4601 Atticorum
391 4536 701 4620 pronuntiationem
714 4537 890 4599 restituere
902 4537 1013 4598 conati
1028 4538 1104 4600 sint.
1117 4538 1363 4602 Commentario

188 4655 289 4734 pretii
307 4653 399 4718 haud
417 4654 513 4735 parvi
533 4652 762 4728 aestimando,
784 4652 844 4735 qui
863 4651 1061 4722 inscribitur
1082 4657 1144 4718 Dte
1166 4658 1364 4735 Beaeataap

1252 4791 1264 4834 r
