3336 5430
747 589 905 652 ,33-

287 803 404 884 ltaque
420 818 461 864 ex
476 818 516 864 eo
531 803 622 883 quod
636 802 671 863 in
687 800 789 863 Iliade
801 777 872 864 sine
884 800 1024 863 articulo
1036 817 1167 880 semper
1182 801 1412 881 exprimantur

246 919 384 981 nomina
394 919 540 999 propria,
558 935 598 981 ea
613 935 632 980 a
648 915 884 980 communibus
894 915 1070 979 vocabulis
1086 920 1206 979 natura
1220 917 1413 998 discrepare

246 1040 372 1097 temere
393 1035 613 1098 concludatur
630 1054 636 1096 :
656 1035 819 1097 articulus
836 1035 1019 1096 enimcum
1033 1032 1207 1096 vocabulis
1223 1035 1413 1097 communi-

245 1150 320 1227 bus,
338 1151 405 1213 nisi
425 1169 528 1215 sensu
550 1150 814 1213 demonstrativo
841 1167 909 1212 non
934 1149 1105 1213 adhibitus
1130 1155 1183 1213 est
1206 1154 1238 1213 et
1262 1167 1340 1212 cum
1365 1152 1414 1214 eis

246 1267 479 1332 tantummodo
493 1266 670 1331 vocabulis
684 1267 899 1348 paucissimis
919 1285 1003 1348 quae
1021 1267 1091 1348 jam
1105 1267 1308 1346 rettulimus,
1326 1286 1416 1331 eam-

247 1386 323 1448 dem
350 1384 419 1448 fere
447 1383 730 1462 significationem
757 1383 881 1448 habere
911 1386 1043 1448 videtur
1064 1402 1166 1466 quam
1190 1385 1417 1465 pulcherrima

247 1503 449 1566 Graecarum
464 1504 652 1566 litterarum
668 1480 778 1566 aetate
794 1502 952 1582 sumpsit.

289 1619 379 1690 Quae
391 1617 461 1697 jam
476 1616 565 1680 dicta
581 1621 661 1679 sunt
675 1616 814 1680 brevius
830 1616 1114 1678 commemorandi
1130 1634 1245 1695 causa,
1261 1617 1296 1683 in
1311 1618 1418 1679 nomi-

249 1734 349 1798 nibus
364 1735 506 1815 propriis
527 1752 613 1816 quae
633 1734 781 1796 carmine
800 1733 902 1796 lliaco
923 1733 1141 1796 continentur
1161 1734 1243 1796 nihil
1258 1735 1348 1815 quod
1362 1734 1418 1796 vel

249 1851 290 1913 ad
305 1852 478 1928 originem,
492 1851 545 1913 vel
556 1850 597 1912 ad
609 1849 760 1924 formam,
775 1850 827 1912 vel
838 1849 880 1913 ad
891 1866 992 1911 usum
1003 1849 1142 1912 attineat
1153 1867 1227 1914 esse
1240 1867 1418 1914 censemus

249 1984 317 2048 quo
340 1967 383 2030 ab
404 1968 446 2030 iis
468 1966 664 2030 nominibus
688 1966 831 2047 propriis
854 1965 1048 2045 discrepent
1071 1983 1158 2046 quae
1182 1964 1420 2045 posterioribus

251 2084 418 2147 aetatibus
439 2087 565 2146 usitata
587 2061 677 2147 suut.
702 2082 797 2154 Quod
818 2083 956 2145 omnino
972 2080 1228 2162 comprobatum
1243 2082 1418 2163 apparebit

252 2205 431 2281 postquam
459 2200 651 2278 diligentior
680 2199 832 2261 instituta
862 2199 925 2262 erit
954 2198 1124 2278 inquisitio
1147 2197 1188 2260 de
1213 2199 1355 2274 singulis
1380 2200 1420 2262 iis

250 2317 442 2379 nominibus
457 2334 545 2396 quae
561 2316 675 2379 eadem
692 2319 774 2378 sunt
788 2333 827 2376 ac
844 2313 1009 2377 vocabula
1024 2316 1226 2376 communia.
1397 2319 1399 2322 ’
