3336 5430
753 563 912 625 .-41-

246 781 382 842 nomina
396 776 522 840 habent
537 795 623 858 quae
637 776 680 839 ad
692 794 781 838 mare
794 777 971 855 pertinent,
987 774 1080 837 verbi
1091 775 1198 852 gratia
1214 795 1220 835 :
1243 775 1413 858 Ἀμφίαλος,

247 892 384 966 Ποντεύς,
410 898 582 971 Ποντόνοος,
610 894 766 964 Ὠκύαλος,
789 892 939 974 Ἐχένηος,
961 895 1128 961 Ναυσίθοος,
1151 893 1311 969 Πυλύνηυς,
1333 894 1413 950 Κλυ-

246 1016 356 1089 τόνηος,
373 1014 512 1082 Ναυτεύς,
534 979 696 1092 Ἐρετριεύς,
718 1011 875 1091 Πρυμνεύς,
893 1012 1035 1090 Πρωρεύς.
1054 1007 1222 1069 Phaeaces
1243 1007 1291 1068 rei
1311 1007 1414 1068 mari-

247 1127 346 1188 timae
363 1125 499 1186 omnino
515 1123 645 1186 deditos
661 1140 738 1185 esse
754 1141 795 1184 ex
810 1123 958 1202 Odyssea
973 1148 992 1200 η
1009 1123 1068 1185 108
1083 1125 1226 1184 constat.

285 1312 372 1383 ἅλιος,
388 1312 587 1385 mariiimUS,
606 1316 628 1369 Σ
645 1311 699 1372 llll
719 1330 726 1371 ζ
743 1309 857 1393 γέρονθ’
874 1307 957 1369 ἅλιον.

286 1427 400 1499 Ἅλιον,
432 1426 584 1507 Lycium,
610 1428 636 1488 Ε
658 1426 728 1489 678.
755 1425 792 1486 ln
822 1423 971 1505 Odyssea
995 1424 1127 1487 Phaeax
1155 1423 1290 1505 qnidam
1316 1423 1414 1492 Ἅλιος

246 1544 380 1605 nomine
404 1541 535 1615 dicitnr,
560 1546 573 1600 θ
599 1544 667 1619 110,
692 1541 760 1604 370.
787 1540 882 1612 Quod
904 1540 945 1602 ad
970 1537 1253 1618 significationem
1277 1541 1408 1617 attinet,

246 1657 365 1719 Latina
388 1655 505 1720 confer
524 1658 724 1734 cognomina
743 1662 933 1734 Pelopeum,
956 1659 1181 1730 Maritimum,
1207 1673 1309 1734 germ.
1335 1661 1412 1720 See-

245 1791 360 1837 mnan.

285 1943 433 2026 αἰγιαλούς,
452 1945 559 2025 quiin
576 1945 673 2007 litore
691 1944 838 2021 habitat,
865 1946 952 2025 apud
970 1946 1188 2024 Nicandrum,
1210 1951 1320 2019 Ther„
1338 1947 1407 2011 286.

287 2062 445 2141 Αἰγιάλεια,
463 2079 548 2123 uxor
562 2060 743 2134 Diomedis,
761 2063 870 2125 11111.

286 2241 456 2303 Nonnulla
471 2244 581 2304 autem
596 2239 637 2302 ad
653 2245 815 2303 montana
829 2241 1007 2320 pertinent.

286 2355 420 2439 ὸρὲο6ιος,
446 2375 462 2416 ο
484 2355 597 2436 quiin
619 2353 791 2418 montibus
811 2356 913 2417 vitam
935 2355 1024 2432 degit
1047 2379 1074 2429 ι),
1100 2354 1188 2437 apud
1213 2357 1411 2437 Oppianum,

248 2475 327 2545 Cpit.
344 2474 372 2548 3,
388 2471 456 2534 316.

293 2588 451 2670 Ὀρέο6ιον,
467 2587 674 2664 Thebanum,
692 2588 717 2648 E
733 2587 800 2650 107.
818 2587 913 2659 Quod
928 2588 969 2649 ad
984 2587 1264 2666 significationem
1279 2589 1409 2661 attinet,

251 2702 292 2767 of.
310 2704 367 2767 lat.
384 2707 597 2777 Montanum,
614 2720 718 2780 germ.
735 2709 943 2780 Berpmuuu,
961 2704 1037 2782 gall.
1059 2706 1214 2768 eumont.

287 2889 389 2972 Ὦρον,
405 2892 434 2948 Α
450 2892 518 2966 303,
540 2887 631 2969 quod
652 2886 802 2950 Vanieek
821 2904 899 2950 curn
919 2889 1052 2950 nomine
1072 2891 1314 2971 Aegyptiorum
1328 2891 1416 2966 regis

248 3007 317 3069 Hor
331 3003 472 3076 confert,
490 3004 531 3065 ad
546 2999 616 3088 ὧροι
631 3002 843 3067 referendum
857 3023 932 3068 esse
948 3022 1082 3068 censeo.
1099 3006 1200 3069 Nulla
1213 3008 1302 3069 enim
1313 3023 1416 3068 eausa

248 3127 297 3186 est
319 3140 380 3185 our
400 3123 501 3206 Ὦρος,
520 3123 668 3183 Graecus
686 3120 832 3203 quidam,
850 3140 870 3183 a
885 3124 1060 3203 peregrina
1083 3124 1212 3200 origine
1235 3127 1329 3184 ortus
1353 3123 1416 3197 sit,

249 3236 318 3323 ὦρος
332 3242 444 3301 autem
460 3236 573 3300 dorice
589 3254 647 3315 pro
663 3237 775 3299 ionico
795 3238 958 3301 vocabulo
978 3233 1058 3320 οὖρος
1077 3239 1209 3301 dieitur.
1232 3240 1297 3301 Res
1319 3240 1347 3300 sl
1369 3239 1417 3300 ita

248 3373 282 3418 se
306 3354 447 3417 haberet
473 3369 578 3415 unam
606 3354 725 3417 saltem
752 3353 898 3418 nominis
925 3354 1067 3417 formam
1091 3374 1108 3417 e
1134 3354 1277 3417 dialecto
1300 3355 1415 3417 dorica

250 3474 455 3551 assumptam
470 3470 506 3530 in
521 3467 623 3531 Iliade
639 3468 852 3533 haberemus.

288 3651 443 3731 Epitheta
469 3651 570 3712 etiam
599 3648 733 3711 urbium
757 3650 798 3712 ad
822 3667 984 3730 personas
1013 3650 1236 3728 designandas
1266 3650 1414 3714 adhibita

251 3770 330 3829 sunt
347 3787 353 3828 :

289 3887 434 3967 ὑψίπυλος,
451 3883 510 3965 qui
525 3883 610 3946 altas
626 3886 739 3962 portas
754 3882 857 3946 habet
874 3903 881 3947 :
898 3888 919 3943 Z
934 3885 991 3947 116
1011 3904 1017 3944 :
1036 3884 1140 3964 Θήύην
1156 3887 1304 3968 ὑψίπυλον.

294 3999 453 4083 Ὑψιπύλη,
470 3999 601 4062 Iasonis
616 4015 714 4075 uxor,
733 4004 760 4058 H
774 4000 844 4063 160.

291 4180 450 4262 εὐρύπυλος,
470 4203 485 4235 ιι
502 4179 560 4260 qui
575 4178 660 4241 latas
676 4184 791 4259 portas
806 4179 908 4241 habet
925 4202 952 4252 ιι,
970 4179 1058 4259 apud
1068 4179 1295 4270 ⁴Hesychium.

290 4295 461 4376 Εὐρύπυλος,
489 4295 557 4356 dux
581 4295 829 4370 Thessalorum,
856 4300 878 4354 B
903 4295 980 4366 736;
1010 4294 1198 4378 Εὐρυπύλοιο,
1227 4294 1316 4372 regis
1346 4293 1414 4366 Coi,

252 4413 355 4474 sorr.

290 4594 395 4655 Immo
411 4591 577 4653 vocabulo
593 4589 752 4653 vestibuli
767 4591 868 4655 homo
883 4607 973 4653 unus
989 4591 1191 4653 nominatur.
