3336 5430
645 599 681 608 -
706 581 775 626 XVII
797 597 836 611 ···

290 773 397 837 forma
413 774 543 852 longior
564 777 758 861 Μενέστρατος
866 767 868 771 ¹
893 777 1027 840 brevior
1049 784 1193 849 Μενεστᾶς

564 917 727 997 Δημόφιλος
846 983 848 989 Ι
1049 921 1193 1000 Δημοφῶν
1237 965 1241 974 .

570 1047 701 1126 Ἰοὸάτης
1050 1051 1144 1130 Ἰόῦης

569 1182 752 1264 Ἀλέξανδρος
1054 1185 1172 1255 Ἀλεξᾶς

569 1313 758 1398 Ἀμύνανδρος
1045 1319 1171 1400 Ἀμυνᾶς
1220 1332 1222 1339 “

565 1452 830 1532 Σκαμανδρώνυμος
901 1481 904 1486 ·
1045 1454 1169 1533 Σκάμων
1210 1515 1213 1519 ,

196 1660 368 1723 Permulta
382 1660 635 1743 hypocoristiea
651 1665 697 1726 ita
710 1663 944 1728 informantur.

196 1794 272 1857 Alia
300 1812 382 1858 vero
411 1796 465 1858 vel
491 1798 649 1877 priorem,
676 1799 729 1860 vel
758 1800 974 1880 posteriorem
1005 1802 1151 1864 nominis
1181 1804 1328 1884 copulati

156 1932 286 2008 partem
302 1929 467 2009 retinent;
485 1933 630 2014 exempli
646 1951 750 1996 eausa
767 1952 773 1995 :

374 2086 377 2091 >
437 2124 596 2182 Μνασιδίκα
909 2127 981 2184 Δίκα

437 2257 652 2341 Πολυφράδμων
906 2260 1046 2343 Φράδμων

444 2390 623 2471 Ἡγησίλεως
908 2393 995 2474 ‘Apu

440 2529 626 2603 Πυθοκλῆς“
906 2529 1016 2597 Πυθέας
1100 2503 1103 2506 -

196 2742 279 2803 Cum
308 2743 453 2805 nominis
478 2742 626 2824 copulati
654 2760 732 2824 pars
760 2748 902 2825 utraque
935 2746 1108 2809 notionem
1139 2746 1264 2810 claram
1292 2752 1326 2811 et

157 2877 340 2941 dilucidam
362 2877 511 2953 inducat,
528 2881 561 2940 et
582 2895 661 2958 pare
676 2848 831 2959 utraque,
849 2878 942 2941 nulla
957 2884 1021 2942 aut
1049 2881 1188 2944 minima
1211 2887 1323 2945 muta·
1361 2936 1364 2941 .

152 3014 246 3076 tione
272 3011 373 3088 faeta,
399 3011 556 3090 vocabuli
579 3013 649 3074 vim
675 3011 808 3090 habeat,
839 3013 982 3077 Graecos
1009 3015 1127 3094 opinor
1154 3015 1324 3080 hominem

154 3150 316 3212 alterutra
332 3148 477 3212 nominis
491 3151 584 3229 parte
598 3148 833 3229 appellavisse.

194 3282 245 3346 Ab
271 3282 522 3364 hypocoristioo
552 3283 689 3346 nomine
717 3300 841 3346 nomen
875 3282 1079 3362 distinguere
1109 3285 1199 3366 quod
1234 3287 1323 3350 idem

153 3421 200 3484 sit
222 3436 261 3481 ao
283 3417 487 3481 vocabulum
510 3433 685 3480 commune
708 3414 875 3497 quoddam
892 3416 1035 3479 arduum
1058 3421 1119 3492 est,
1137 3419 1202 3482 nisi
1224 3419 1323 3483 obvia

153 3557 198 3618 sit
213 3571 318 3618 eausa
333 3553 446 3634 aliqua
461 3549 616 3614 credendi
634 3558 757 3613 nomen
768 3549 883 3614 adesse
894 3569 912 3614 e
925 3552 1056 3621 duabus
1069 3552 1222 3633 partibus
1233 3559 1323 3618 eom-

152 3688 312 3769 positum,
330 3684 395 3748 sub
414 3683 521 3762 figura
543 3682 727 3747 deminuta.
744 3684 936 3764 Utcumque
952 3675 1005 3746 res
1031 3703 1067 3748 se
1088 3684 1222 3762 habeat,
1239 3687 1323 3751 nihil

155 3825 204 3885 est
219 3820 311 3904 quod
326 3818 522 3902 comprobet
542 3818 826 3900 hypocoristicam
846 3788 1120 3883 informationem¹
1131 3801 1240 3900 longe
1252 3822 1320 3885 ire-

155 3957 367 4039 qnentiorem
391 3955 498 4019 fuisse
523 3952 611 4034 apud
635 3955 779 4016 Graecos
806 3970 909 4034 quam
931 3953 966 4014 in
989 3953 1105 4032 lingna
1126 3960 1242 4019 nostra
1263 3956 1323 4020 ubi

151 4093 327 4153 nominum
342 4106 448 4167 genus
465 4085 567 4151 edidit
587 4088 667 4151 satis
687 4087 872 4166 exiguum¹.
890 4086 983 4149 Talia
998 4089 1135 4157 nomina
1151 4090 1178 4152 si
1192 4091 1227 4152 in
1243 4109 1324 4155 eon-

153 4225 335 4292 suetudine
364 4225 529 4288 sermonis
557 4222 716 4285 cotidiani
747 4219 937 4302 frequentia
966 4221 1126 4303 fuissent,
1158 4228 1323 4305 permulta

152 4363 225 4425 sine
237 4360 339 4425 dubio
354 4360 396 4425 ad
407 4376 468 4423 nos
481 4358 616 4421 tulisset
624 4358 750 4420 Graeca
765 4357 948 4420 comoedia.
960 4359 1055 4440 Apud
1064 4359 1321 4441 Aristophanem

130 4580 133 4587 ·
182 4617 204 4665 1.
221 4616 258 4665 Cf.
273 4615 373 4676 Motum,
389 4615 524 4686 Memoz'res
539 4613 569 4663 de
586 4614 613 4663 la
629 4613 731 4665 Societd
744 4612 776 4663 de
792 4611 971 4679 linquistiqae,
987 4615 1005 4675 1,
1022 4614 1074 4664 161.
1087 4615 1181 4678 Rurm,
1195 4617 1322 4668 Leanonm

149 4697 182 4748 de
195 4696 308 4762 samilte,
323 4711 348 4760 p.
363 4696 435 4748 7-17.

1229 4788 1242 4829 2
