3262 5536
550 1483 760 1579 CAPUT
793 1482 1083 1580 TERTIUM

489 1973 549 2035 De
580 1971 880 2052 significatione
911 1971 1138 2035 nominum.

268 2323 301 2386 Si
310 2321 387 2404 quis
402 2321 573 2402 inquirere
584 2320 728 2383 voluerit
736 2337 904 2401 quaenam
916 2320 959 2382 sit
970 2335 1088 2382 eorum
1099 2320 1276 2382 nominum
1285 2319 1403 2396 signi-

225 2439 339 2502 ficatio
355 2455 442 2520 quae
457 2454 550 2511 casu,
567 2454 636 2500 non
651 2440 765 2500 autem
779 2437 938 2499 continuo
955 2437 1023 2498 sint
1042 2436 1186 2516 propria,
1205 2455 1245 2498 ea
1259 2436 1403 2502 duobus

225 2554 406 2633 generibus
421 2552 568 2617 adscribi
589 2572 689 2635 posse
710 2554 884 2630 intelleget
902 2569 1048 2633 quorum
1068 2569 1228 2628 generum
1245 2555 1341 2633 prius
1356 2573 1402 2618 ea

226 2669 401 2732 contineat
423 2672 561 2733 nomina
589 2688 676 2752 quae
699 2669 739 2731 ad
767 2674 896 2749 partem
924 2669 1072 2748 aliquam
1100 2685 1261 2748 personae
1286 2672 1400 2749 perti-

224 2790 338 2862 neant,
354 2787 425 2848 sive
440 2788 583 2867 patriam
598 2787 683 2868 ejus,
696 2787 766 2850 sive
783 2785 865 2867 quid
879 2788 937 2847 aut
952 2786 1083 2864 corpori
1095 2789 1154 2848 aut
1164 2786 1275 2848 animo
1286 2803 1399 2865 pecu-

224 2903 318 2976 liare,
336 2903 408 2965 sive
423 2903 603 2966 enuntient
616 2920 763 2985 quanam
776 2904 811 2964 in
830 2904 1053 2982 occupatione
1074 2902 1117 2964 sit
1130 2905 1297 2980 versatus,
1313 2902 1400 2964 alte-

224 3035 301 3080 rum
323 3037 404 3081 vero
429 3022 478 3082 eis
500 3018 697 3082 nominibus
717 3022 850 3082 constet
869 3037 956 3101 quae
970 3020 1124 3081 instituta
1143 3018 1322 3081 collatione
1338 3019 1398 3080 vel

225 3152 303 3198 cum
318 3153 353 3197 re
367 3136 527 3212 inanima,
543 3136 596 3198 vel
614 3117 692 3199 cum
707 3135 821 3215 planta
832 3140 890 3198 aut
905 3135 1052 3207 animali,
1070 3134 1148 3196 inde
1160 3134 1201 3197 ad
1213 3151 1400 3214 personam

223 3254 332 3331 ipsam
346 3251 576 3316 traducantur.
589 3252 729 3332 Apriori
744 3255 857 3314 autern
871 3268 996 3328 genere
1010 3251 1122 3330 operis
1137 3251 1244 3312 nostri
1258 3252 1400 3314 initium

225 3371 387 3431 sumetur.

493 3779 553 3841 De
573 3778 704 3857 priori
725 3794 876 3858 genere
898 3779 1122 3844 nominum.

263 4071 288 4134 Ι.
306 4105 345 4116 -
359 4077 407 4134 De
421 4075 613 4134 corticibus
628 4087 714 4147 occe
728 4077 839 4136 locum
853 4075 1022 4137 denotant.

264 4258 409 4320 Nomina
424 4262 483 4320 aut
498 4259 711 4338 populorum,
723 4263 781 4322 aut
790 4259 986 4331 incolarum,
1000 4259 1214 4336 auturbium‚
1229 4262 1286 4321 aut
1297 4258 1397 4322 loco-

224 4392 300 4435 rum
314 4375 350 4434 in
367 4374 468 4436 iliade
485 4375 639 4453 personis
661 4373 877 4451 designandis
899 4393 1001 4455 saepe
1025 4375 1238 4437 adhibentur.
1261 4375 1298 4437 Id
1313 4393 1398 4440 vero

224 4489 410 4552 notandum
440 4492 489 4552 est
524 4507 641 4553 corum
669 4492 844 4554 nominum
877 4490 1160 4569 significationem
1194 4493 1398 4572 plerumque

224 4606 324 4668 talem
340 4624 413 4668 csse
429 4610 466 4666 ut
482 4624 544 4668 nec
560 4609 686 4687 patriae
703 4625 765 4670 nec
780 4608 854 4670 loco
870 4608 1074 4670 conveniant
1088 4607 1147 4670 ubi
1162 4625 1241 4671 vere
1255 4607 1396 4670 inhabi-
