3336 5430
765 557 923 620 ..82-

258 771 406 852 Uterque
427 768 565 850 quidem
583 767 749 851 Myrmido
768 771 831 845 esi,
849 769 991 851 Ἄλκιμος
1015 785 1105 847 vero,
1126 769 1185 850 qui
1205 768 1303 833 simul
1324 771 1433 849 atque

257 887 430 967 Αὐτομέδων
462 885 666 955 nominatur,
697 885 814 962 auriga
839 885 976 966 quidam
1006 885 1099 948 velut
1123 884 1294 965 Αὐτομέδων
1312 885 1433 966 potius

256 1019 359 1083 quam
372 1001 442 1064 dux
456 999 605 1063 cohortis
621 1015 698 1061 esse
713 1002 836 1080 potest.
852 998 942 1062 Nihil
959 1001 1049 1062 enim
1064 999 1202 1063 definite
1218 999 1432 1064 demonstrat

256 1117 522 1182 Alcimedontam
537 1115 772 1196 Alcimumque
786 1131 894 1177 unum
908 1120 941 1178 et
956 1115 1112 1178 eumdem
1127 1117 1237 1178 virum
1254 1133 1341 1179 esse.

334 1341 510 1405 Phthiotas
527 1360 534 1402 :

294 1492 457 1577 Ποδάρκης,
474 1497 497 1552 Β
513 1491 583 1565 704,
599 1495 626 1553 Ν
641 1491 710 1565 693,
730 1491 820 1556 filius
834 1492 953 1574 Iphicli
968 1493 1180 1576 Phylacidae.

331 1680 471 1744 Pheraei
488 1700 495 1744 :

292 1833 442 1914 ’Ἄδμητος
457 1835 653 1918 Φηρητιάδης,
671 1836 766 1916 pater
779 1834 920 1913 Eumeli‚
936 1836 962 1896 B
975 1834 1044 1898 713.

290 1951 437 2029 Εὔμηλος,
455 1949 563 2018 Β744,
581 1949 651 2026 764,
669 1948 762 2013 filius
774 1949 919 2036 Admeti.

330 2156 372 2200 ex
387 2136 472 2202 urbe
488 2137 649 2201 Methone
665 2157 672 2198 ε

290 2290 430 2373 Μαχάων,
442 2295 465 2348 Β
477 2289 547 2361 732,
559 2289 723 2354 medicus.

331 2497 371 2541 ex
387 2476 470 2540 urhe
486 2477 645 2540 Oechalia
663 2497 669 2539 :

288 2633 422 2714 Εὔρυτος,
438 2636 461 2689 Β
477 2631 547 2706 596,
563 2629 634 2708 730,
650 2628 741 2694 filius
757 2632 908 2696 Melanei.

327 2819 474 2881 Ormenii
490 2838 497 2880 :

288 2972 463 3056 *Ὄρμενος
480 2973 574 3050 pater
588 2971 792 3052 AmyntoriS,
809 2973 823 3034 l
840 2975 911 3038 448.

293 3088 454 3171 Ἀμύντωρ,
480 3085 570 3150 lilius
594 3088 737 3165 Ormeni,
762 3093 855 3170 pater
877 3089 1065 3169 Phoenicis,
1083 3093 1223 3155 maritus
1238 3093 1413 3176 Hippoda-

154 3263 157 3270 ,
246 3217 352 3278 meae,
368 3201 466 3267 1448.

283 3317 455 3402 Εὐρύπυλος,
474 3318 565 3383 iilius
581 3320 793 3396 Euaemonis,
809 3321 834 3382 B
849 3322 919 3400 736,
936 3321 1003 3386 dux
1017 3322 1261 3388 Thessalorum.

325 3505 484 3586 Lapithes
502 3530 508 3567 :

232 3748 233 3754 ρ
284 3661 415 3742 Κόρωνος
429 3660 589 3736 Καινείδης,
606 3662 629 3717 Β
644 3657 714 3731 746,
730 3664 826 3739 pater
840 3661 991 3739 Leontai,
1009 3680 1068 3728 rex
1082 3657 1314 3769 Lapitharum.

323 3843 496 3922 Magnetes
513 3864 520 3907 :

283 3998 462 4078 Τενθρηδών,
482 4000 505 4055 Β
528 3997 602 4071 756,
622 3998 786 4064 Alectoris
804 3999 911 4081 filius,
930 4006 1024 4084 pater
1043 4004 1194 4082 Prothoi,
1213 4007 1410 4086 Magnetum

242 4110 322 4176 dux.

319 4297 429 4362 Aetoli
445 4317 452 4360 :

280 4451 409 4535 Ἄγριος,
428 4452 559 4516 Porlhei
576 4455 756 4536 Calydonis
771 4456 874 4533 lilius,
892 4463 915 4516 Ξ
933 4460 1000 4523 lli.

279 4566 385 4636 Μέλας,
403 4563 505 4630 irater
519 4571 620 4648 Agrii,
638 4573 747 4636 Ξ147.
