<?xml version="1.0" encoding="UTF-8"?>
<!DOCTYPE html PUBLIC "-//W3C//DTD XHTML 1.0 Transitional//EN"
    "http://www.w3.org/TR/xhtml1/DTD/xhtml1-transitional.dtd">
<html xmlns="http://www.w3.org/1999/xhtml" xml:lang="en" lang="en">
 <head>
  <title>
</title>
<meta http-equiv="Content-Type" content="text/html;charset=utf-8" />
  <meta name='ocr-system' content='tesseract 3.04.00' />
  <meta name='ocr-capabilities' content='ocr_page ocr_carea ocr_par ocr_line ocrx_word'/>
</head>
<body>
  <div class='ocr_page' id='page_1' title='image "./deeisiniliadein00dottgoog_0095.png"; bbox 0 0 3336 5430; ppageno 0'>
   <div class='ocr_carea' id='block_1_1' title="bbox 563 1474 1095 1572">
    <p class='ocr_par' dir='ltr' id='par_1_1' title="bbox 563 1474 1095 1572">
     <span class='ocr_line' id='line_1_1' title="bbox 563 1474 1095 1572; baseline 0.004 -3"><span class='ocrx_word' id='word_1_1' title='bbox 563 1474 773 1571; x_wconf 84' lang='lat' dir='ltr'><strong>CAPUT</strong></span> <span class='ocrx_word' id='word_1_2' title='bbox 806 1474 1095 1572; x_wconf 87' lang='lat' dir='ltr'>TERTIUM</span> 
     </span>
    </p>
   </div>
   <div class='ocr_carea' id='block_1_2' title="bbox 501 1962 1150 2043">
    <p class='ocr_par' dir='ltr' id='par_1_2' title="bbox 501 1962 1150 2043">
     <span class='ocr_line' id='line_1_2' title="bbox 501 1962 1150 2043; baseline -0.002 -17"><span class='ocrx_word' id='word_1_3' title='bbox 501 1964 561 2026; x_wconf 89' lang='lat' dir='ltr'>De</span> <span class='ocrx_word' id='word_1_4' title='bbox 592 1962 892 2043; x_wconf 73' lang='lat' dir='ltr'>significatione</span> <span class='ocrx_word' id='word_1_5' title='bbox 923 1963 1150 2027; x_wconf 89' lang='lat' dir='ltr'><strong>nominum.</strong></span> 
     </span>
    </p>
   </div>
   <div class='ocr_carea' id='block_1_3' title="bbox 234 2312 1410 3422">
    <p class='ocr_par' dir='ltr' id='par_1_3' title="bbox 234 2312 1410 3422">
     <span class='ocr_line' id='line_1_3' title="bbox 279 2312 1410 2395; baseline 0 -19"><span class='ocrx_word' id='word_1_6' title='bbox 279 2313 398 2395; x_wconf 87' lang='lat' dir='ltr'>Siquis</span> <span class='ocrx_word' id='word_1_7' title='bbox 414 2313 584 2393; x_wconf 83' lang='lat' dir='ltr'>inquirere</span> <span class='ocrx_word' id='word_1_8' title='bbox 595 2312 740 2374; x_wconf 88' lang='lat' dir='ltr'>voluerit</span> <span class='ocrx_word' id='word_1_9' title='bbox 748 2329 916 2393; x_wconf 89' lang='lat' dir='ltr'>quaenam</span> <span class='ocrx_word' id='word_1_10' title='bbox 928 2313 971 2374; x_wconf 90' lang='lat' dir='ltr'>sit</span> <span class='ocrx_word' id='word_1_11' title='bbox 982 2328 1099 2374; x_wconf 88' lang='lat' dir='ltr'>eorum</span> <span class='ocrx_word' id='word_1_12' title='bbox 1111 2312 1287 2375; x_wconf 88' lang='lat' dir='ltr'><strong>nominum</strong></span> <span class='ocrx_word' id='word_1_13' title='bbox 1298 2312 1410 2390; x_wconf 90' lang='lat' dir='ltr'>signi-</span> 
     </span>
     <span class='ocr_line' id='line_1_4' title="bbox 236 2429 1410 2511; baseline 0.002 -18"><span class='ocrx_word' id='word_1_14' title='bbox 236 2430 351 2493; x_wconf 88' lang='lat' dir='ltr'>ficatio</span> <span class='ocrx_word' id='word_1_15' title='bbox 366 2447 453 2511; x_wconf 87' lang='lat' dir='ltr'>quae</span> <span class='ocrx_word' id='word_1_16' title='bbox 469 2446 561 2502; x_wconf 88' lang='lat' dir='ltr'>casu,</span> <span class='ocrx_word' id='word_1_17' title='bbox 578 2445 648 2491; x_wconf 92' lang='lat' dir='ltr'>non</span> <span class='ocrx_word' id='word_1_18' title='bbox 662 2431 776 2491; x_wconf 89' lang='lat' dir='ltr'>autem</span> <span class='ocrx_word' id='word_1_19' title='bbox 790 2429 950 2491; x_wconf 84' lang='lat' dir='ltr'>continuo</span> <span class='ocrx_word' id='word_1_20' title='bbox 966 2429 1034 2490; x_wconf 89' lang='lat' dir='ltr'>sint</span> <span class='ocrx_word' id='word_1_21' title='bbox 1053 2429 1198 2508; x_wconf 89' lang='lat' dir='ltr'>propria,</span> <span class='ocrx_word' id='word_1_22' title='bbox 1217 2448 1257 2492; x_wconf 89' lang='lat' dir='ltr'>ea</span> <span class='ocrx_word' id='word_1_23' title='bbox 1271 2430 1410 2495; x_wconf 90' lang='lat' dir='ltr'>duobus</span> 
     </span>
     <span class='ocr_line' id='line_1_5' title="bbox 236 2543 1409 2626; baseline 0.002 -18"><span class='ocrx_word' id='word_1_24' title='bbox 236 2545 417 2624; x_wconf 84' lang='lat' dir='ltr'>generibus</span> <span class='ocrx_word' id='word_1_25' title='bbox 433 2543 579 2609; x_wconf 84' lang='lat' dir='ltr'>adscribi</span> <span class='ocrx_word' id='word_1_26' title='bbox 600 2563 701 2626; x_wconf 90' lang='lat' dir='ltr'>posse</span> <span class='ocrx_word' id='word_1_27' title='bbox 721 2546 895 2622; x_wconf 79' lang='lat' dir='ltr'>intelleget</span> <span class='ocrx_word' id='word_1_28' title='bbox 913 2561 1059 2625; x_wconf 87' lang='lat' dir='ltr'>quorum</span> <span class='ocrx_word' id='word_1_29' title='bbox 1080 2561 1239 2620; x_wconf 83' lang='lat' dir='ltr'>generum</span> <span class='ocrx_word' id='word_1_30' title='bbox 1256 2548 1351 2626; x_wconf 89' lang='lat' dir='ltr'>prius</span> <span class='ocrx_word' id='word_1_31' title='bbox 1368 2567 1409 2612; x_wconf 90' lang='lat' dir='ltr'>ea</span> 
     </span>
     <span class='ocr_line' id='line_1_6' title="bbox 237 2660 1407 2744; baseline 0.002 -21"><span class='ocrx_word' id='word_1_32' title='bbox 237 2661 412 2723; x_wconf 91' lang='lat' dir='ltr'>contineat</span> <span class='ocrx_word' id='word_1_33' title='bbox 434 2663 572 2724; x_wconf 90' lang='lat' dir='ltr'>nomina</span> <span class='ocrx_word' id='word_1_34' title='bbox 600 2680 687 2744; x_wconf 88' lang='lat' dir='ltr'>quae</span> <span class='ocrx_word' id='word_1_35' title='bbox 710 2660 751 2723; x_wconf 91' lang='lat' dir='ltr'>ad</span> <span class='ocrx_word' id='word_1_36' title='bbox 778 2666 907 2740; x_wconf 89' lang='lat' dir='ltr'>partem</span> <span class='ocrx_word' id='word_1_37' title='bbox 935 2661 1083 2740; x_wconf 88' lang='lat' dir='ltr'>aliquam</span> <span class='ocrx_word' id='word_1_38' title='bbox 1111 2679 1272 2741; x_wconf 88' lang='lat' dir='ltr'>personae</span> <span class='ocrx_word' id='word_1_39' title='bbox 1298 2665 1407 2743; x_wconf 92' lang='lat' dir='ltr'>perti-</span> 
     </span>
     <span class='ocr_line' id='line_1_7' title="bbox 235 2777 1406 2860; baseline 0.005 -22"><span class='ocrx_word' id='word_1_40' title='bbox 235 2782 349 2853; x_wconf 87' lang='lat' dir='ltr'>neant,</span> <span class='ocrx_word' id='word_1_41' title='bbox 365 2779 436 2840; x_wconf 87' lang='lat' dir='ltr'>sive</span> <span class='ocrx_word' id='word_1_42' title='bbox 451 2779 593 2858; x_wconf 88' lang='lat' dir='ltr'>patriam</span> <span class='ocrx_word' id='word_1_43' title='bbox 609 2778 694 2860; x_wconf 88' lang='lat' dir='ltr'>ejus,</span> <span class='ocrx_word' id='word_1_44' title='bbox 707 2779 777 2841; x_wconf 87' lang='lat' dir='ltr'>sive</span> <span class='ocrx_word' id='word_1_45' title='bbox 794 2777 876 2859; x_wconf 90' lang='lat' dir='ltr'>quid</span> <span class='ocrx_word' id='word_1_46' title='bbox 890 2780 948 2838; x_wconf 89' lang='lat' dir='ltr'>aut</span> <span class='ocrx_word' id='word_1_47' title='bbox 963 2778 1095 2856; x_wconf 89' lang='lat' dir='ltr'>corpori</span> <span class='ocrx_word' id='word_1_48' title='bbox 1106 2782 1165 2841; x_wconf 88' lang='lat' dir='ltr'>aut</span> <span class='ocrx_word' id='word_1_49' title='bbox 1176 2779 1285 2841; x_wconf 90' lang='lat' dir='ltr'>animo</span> <span class='ocrx_word' id='word_1_50' title='bbox 1298 2797 1406 2859; x_wconf 92' lang='lat' dir='ltr'>pecu·</span> 
     </span>
     <span class='ocr_line' id='line_1_8' title="bbox 235 2894 1406 2976; baseline 0.003 -21"><span class='ocrx_word' id='word_1_51' title='bbox 235 2894 329 2967; x_wconf 90' lang='lat' dir='ltr'>liare,</span> <span class='ocrx_word' id='word_1_52' title='bbox 347 2894 419 2956; x_wconf 87' lang='lat' dir='ltr'>sive</span> <span class='ocrx_word' id='word_1_53' title='bbox 435 2894 613 2959; x_wconf 80' lang='lat' dir='ltr'>enuntient</span> <span class='ocrx_word' id='word_1_54' title='bbox 628 2912 773 2976; x_wconf 89' lang='lat' dir='ltr'>quanam</span> <span class='ocrx_word' id='word_1_55' title='bbox 787 2895 821 2956; x_wconf 92' lang='lat' dir='ltr'>in</span> <span class='ocrx_word' id='word_1_56' title='bbox 841 2896 1064 2974; x_wconf 82' lang='lat' dir='ltr'>occupatione</span> <span class='ocrx_word' id='word_1_57' title='bbox 1085 2894 1128 2957; x_wconf 88' lang='lat' dir='ltr'>sit</span> <span class='ocrx_word' id='word_1_58' title='bbox 1141 2899 1308 2974; x_wconf 88' lang='lat' dir='ltr'>versatus,</span> <span class='ocrx_word' id='word_1_59' title='bbox 1323 2896 1406 2958; x_wconf 93' lang='lat' dir='ltr'>alte·</span> 
     </span>
     <span class='ocr_line' id='line_1_9' title="bbox 235 3010 1405 3092; baseline 0.003 -22"><span class='ocrx_word' id='word_1_60' title='bbox 235 3026 311 3071; x_wconf 89' lang='lat' dir='ltr'>rum</span> <span class='ocrx_word' id='word_1_61' title='bbox 334 3028 415 3072; x_wconf 88' lang='lat' dir='ltr'>vero</span> <span class='ocrx_word' id='word_1_62' title='bbox 440 3013 489 3073; x_wconf 89' lang='lat' dir='ltr'>eis</span> <span class='ocrx_word' id='word_1_63' title='bbox 511 3010 708 3074; x_wconf 90' lang='lat' dir='ltr'>nominibus</span> <span class='ocrx_word' id='word_1_64' title='bbox 728 3015 860 3074; x_wconf 87' lang='lat' dir='ltr'>constet</span> <span class='ocrx_word' id='word_1_65' title='bbox 880 3029 967 3092; x_wconf 90' lang='lat' dir='ltr'>quae</span> <span class='ocrx_word' id='word_1_66' title='bbox 981 3012 1135 3074; x_wconf 85' lang='lat' dir='ltr'>instituta</span> <span class='ocrx_word' id='word_1_67' title='bbox 1154 3011 1332 3074; x_wconf 88' lang='lat' dir='ltr'>collatione</span> <span class='ocrx_word' id='word_1_68' title='bbox 1348 3013 1405 3074; x_wconf 90' lang='lat' dir='ltr'>vel</span> 
     </span>
     <span class='ocr_line' id='line_1_10' title="bbox 236 3109 1406 3208; baseline 0.001 -19"><span class='ocrx_word' id='word_1_69' title='bbox 236 3143 313 3189; x_wconf 89' lang='lat' dir='ltr'>cum</span> <span class='ocrx_word' id='word_1_70' title='bbox 328 3144 363 3190; x_wconf 94' lang='lat' dir='ltr'>re</span> <span class='ocrx_word' id='word_1_71' title='bbox 377 3128 537 3202; x_wconf 87' lang='lat' dir='ltr'>inanima,</span> <span class='ocrx_word' id='word_1_72' title='bbox 554 3128 607 3189; x_wconf 89' lang='lat' dir='ltr'>vel</span> <span class='ocrx_word' id='word_1_73' title='bbox 624 3109 703 3190; x_wconf 87' lang='lat' dir='ltr'>cum</span> <span class='ocrx_word' id='word_1_74' title='bbox 717 3127 832 3207; x_wconf 90' lang='lat' dir='ltr'>planta</span> <span class='ocrx_word' id='word_1_75' title='bbox 843 3131 902 3189; x_wconf 89' lang='lat' dir='ltr'>aut</span> <span class='ocrx_word' id='word_1_76' title='bbox 916 3127 1063 3200; x_wconf 89' lang='lat' dir='ltr'>animali,</span> <span class='ocrx_word' id='word_1_77' title='bbox 1081 3127 1159 3188; x_wconf 90' lang='lat' dir='ltr'>inde</span> <span class='ocrx_word' id='word_1_78' title='bbox 1170 3127 1212 3190; x_wconf 88' lang='lat' dir='ltr'>ad</span> <span class='ocrx_word' id='word_1_79' title='bbox 1223 3144 1406 3208; x_wconf 86' lang='lat' dir='ltr'>personam</span> 
     </span>
     <span class='ocr_line' id='line_1_11' title="bbox 234 3243 1405 3324; baseline 0.003 -20"><span class='ocrx_word' id='word_1_80' title='bbox 234 3245 343 3322; x_wconf 88' lang='lat' dir='ltr'>ipsam</span> <span class='ocrx_word' id='word_1_81' title='bbox 357 3243 586 3307; x_wconf 84' lang='lat' dir='ltr'>traducantur.</span> <span class='ocrx_word' id='word_1_82' title='bbox 600 3244 739 3324; x_wconf 84' lang='lat' dir='ltr'>Apriori</span> <span class='ocrx_word' id='word_1_83' title='bbox 755 3246 868 3306; x_wconf 87' lang='lat' dir='ltr'>autem</span> <span class='ocrx_word' id='word_1_84' title='bbox 882 3260 1006 3320; x_wconf 81' lang='lat' dir='ltr'>genere</span> <span class='ocrx_word' id='word_1_85' title='bbox 1021 3243 1132 3322; x_wconf 88' lang='lat' dir='ltr'>operis</span> <span class='ocrx_word' id='word_1_86' title='bbox 1148 3245 1255 3306; x_wconf 90' lang='lat' dir='ltr'>nostri</span> <span class='ocrx_word' id='word_1_87' title='bbox 1269 3245 1405 3307; x_wconf 90' lang='lat' dir='ltr'>initium</span> 
     </span>
     <span class='ocr_line' id='line_1_12' title="bbox 235 3362 398 3422; baseline 0 0"><span class='ocrx_word' id='word_1_88' title='bbox 235 3362 398 3422; x_wconf 88' lang='lat' dir='ltr'>sumetur.</span> 
     </span>
    </p>
   </div>
   <div class='ocr_carea' id='block_1_4' title="bbox 504 3770 1132 3850">
    <p class='ocr_par' dir='ltr' id='par_1_4' title="bbox 504 3770 1132 3850">
     <span class='ocr_line' id='line_1_13' title="bbox 504 3770 1132 3850; baseline 0.002 -18"><span class='ocrx_word' id='word_1_89' title='bbox 504 3771 563 3832; x_wconf 90' lang='lat' dir='ltr'>De</span> <span class='ocrx_word' id='word_1_90' title='bbox 583 3770 714 3849; x_wconf 86' lang='lat' dir='ltr'>priori</span> <span class='ocrx_word' id='word_1_91' title='bbox 735 3786 886 3850; x_wconf 79' lang='lat' dir='ltr'>genere</span> <span class='ocrx_word' id='word_1_92' title='bbox 908 3772 1132 3836; x_wconf 90' lang='lat' dir='ltr'>nominum.</span> 
     </span>
    </p>
   </div>
   <div class='ocr_carea' id='block_1_5' title="bbox 273 4063 1032 4140">
    <p class='ocr_par' dir='ltr' id='par_1_5' title="bbox 273 4063 1032 4140">
     <span class='ocr_line' id='line_1_14' title="bbox 273 4063 1032 4140; baseline 0.004 -14"><span class='ocrx_word' id='word_1_93' title='bbox 273 4063 298 4126; x_wconf 92' lang='grc' dir='ltr'>Ι.</span> <span class='ocrx_word' id='word_1_94' title='bbox 315 4096 355 4108; x_wconf 87' lang='lat'>-</span> <span class='ocrx_word' id='word_1_95' title='bbox 369 4068 417 4126; x_wconf 83' lang='lat' dir='ltr'>De</span> <span class='ocrx_word' id='word_1_96' title='bbox 430 4067 622 4126; x_wconf 76' lang='lat' dir='ltr'>nominibus</span> <span class='ocrx_word' id='word_1_97' title='bbox 637 4080 723 4140; x_wconf 78' lang='lat' dir='ltr'>quae</span> <span class='ocrx_word' id='word_1_98' title='bbox 737 4070 849 4129; x_wconf 81' lang='lat' dir='ltr'>locum</span> <span class='ocrx_word' id='word_1_99' title='bbox 862 4068 1032 4130; x_wconf 77' lang='lat' dir='ltr'>denotant.</span> 
     </span>
    </p>
   </div>
   <div class='ocr_carea' id='block_1_6' title="bbox 232 4250 1403 4680">
    <p class='ocr_par' dir='ltr' id='par_1_6' title="bbox 232 4250 1403 4680">
     <span class='ocr_line' id='line_1_15' title="bbox 273 4250 1402 4330; baseline 0.004 -18"><span class='ocrx_word' id='word_1_100' title='bbox 273 4250 418 4312; x_wconf 90' lang='lat' dir='ltr'>Nomina</span> <span class='ocrx_word' id='word_1_101' title='bbox 434 4255 492 4312; x_wconf 89' lang='lat' dir='ltr'>aut</span> <span class='ocrx_word' id='word_1_102' title='bbox 507 4252 720 4330; x_wconf 88' lang='lat' dir='ltr'>populorum,</span> <span class='ocrx_word' id='word_1_103' title='bbox 733 4257 790 4314; x_wconf 87' lang='lat' dir='ltr'>aut</span> <span class='ocrx_word' id='word_1_104' title='bbox 800 4253 996 4324; x_wconf 87' lang='lat' dir='ltr'>incolarum,</span> <span class='ocrx_word' id='word_1_105' title='bbox 1009 4258 1068 4315; x_wconf 87' lang='lat' dir='ltr'>aut</span> <span class='ocrx_word' id='word_1_106' title='bbox 1078 4253 1223 4329; x_wconf 86' lang='lat' dir='ltr'>urbium,</span> <span class='ocrx_word' id='word_1_107' title='bbox 1238 4256 1295 4314; x_wconf 88' lang='lat' dir='ltr'>aut</span> <span class='ocrx_word' id='word_1_108' title='bbox 1307 4252 1402 4316; x_wconf 90' lang='lat' dir='ltr'>loco-</span> 
     </span>
     <span class='ocr_line' id='line_1_16' title="bbox 233 4366 1403 4448; baseline 0.003 -21"><span class='ocrx_word' id='word_1_109' title='bbox 233 4383 309 4428; x_wconf 91' lang='lat' dir='ltr'>rum</span> <span class='ocrx_word' id='word_1_110' title='bbox 323 4366 359 4427; x_wconf 89' lang='lat' dir='ltr'>in</span> <span class='ocrx_word' id='word_1_111' title='bbox 376 4366 477 4429; x_wconf 92' lang='lat' dir='ltr'>iliade</span> <span class='ocrx_word' id='word_1_112' title='bbox 494 4369 648 4446; x_wconf 85' lang='lat' dir='ltr'>personis</span> <span class='ocrx_word' id='word_1_113' title='bbox 670 4366 887 4444; x_wconf 82' lang='lat' dir='ltr'>designandis</span> <span class='ocrx_word' id='word_1_114' title='bbox 909 4387 1010 4448; x_wconf 90' lang='lat' dir='ltr'>saepe</span> <span class='ocrx_word' id='word_1_115' title='bbox 1035 4369 1247 4431; x_wconf 87' lang='lat' dir='ltr'>adhibentur.</span> <span class='ocrx_word' id='word_1_116' title='bbox 1270 4369 1307 4431; x_wconf 93' lang='lat' dir='ltr'>Id</span> <span class='ocrx_word' id='word_1_117' title='bbox 1322 4386 1403 4431; x_wconf 91' lang='lat' dir='ltr'>vero</span> 
     </span>
     <span class='ocr_line' id='line_1_17' title="bbox 233 4481 1403 4566; baseline 0.004 -23"><span class='ocrx_word' id='word_1_118' title='bbox 233 4481 419 4544; x_wconf 90' lang='lat' dir='ltr'>notandum</span> <span class='ocrx_word' id='word_1_119' title='bbox 449 4485 498 4545; x_wconf 89' lang='lat' dir='ltr'>est</span> <span class='ocrx_word' id='word_1_120' title='bbox 533 4499 650 4545; x_wconf 89' lang='lat' dir='ltr'>eorum</span> <span class='ocrx_word' id='word_1_121' title='bbox 678 4485 853 4547; x_wconf 78' lang='lat' dir='ltr'>pontinum</span> <span class='ocrx_word' id='word_1_122' title='bbox 886 4483 1169 4563; x_wconf 87' lang='lat' dir='ltr'>significationem</span> <span class='ocrx_word' id='word_1_123' title='bbox 1203 4487 1403 4566; x_wconf 86' lang='lat' dir='ltr'>plerumque</span> 
     </span>
     <span class='ocr_line' id='line_1_18' title="bbox 232 4599 1402 4680; baseline 0.003 -21"><span class='ocrx_word' id='word_1_124' title='bbox 232 4599 333 4660; x_wconf 88' lang='lat' dir='ltr'>talem</span> <span class='ocrx_word' id='word_1_125' title='bbox 348 4617 422 4660; x_wconf 86' lang='lat' dir='ltr'>esse</span> <span class='ocrx_word' id='word_1_126' title='bbox 438 4603 475 4659; x_wconf 87' lang='lat' dir='ltr'>ut</span> <span class='ocrx_word' id='word_1_127' title='bbox 491 4617 553 4661; x_wconf 90' lang='lat' dir='ltr'>nec</span> <span class='ocrx_word' id='word_1_128' title='bbox 569 4602 695 4680; x_wconf 88' lang='lat' dir='ltr'>patriae</span> <span class='ocrx_word' id='word_1_129' title='bbox 712 4618 774 4663; x_wconf 89' lang='lat' dir='ltr'>nec</span> <span class='ocrx_word' id='word_1_130' title='bbox 789 4602 863 4665; x_wconf 92' lang='lat' dir='ltr'>ioco</span> <span class='ocrx_word' id='word_1_131' title='bbox 879 4601 1083 4664; x_wconf 85' lang='lat' dir='ltr'>conveniant</span> <span class='ocrx_word' id='word_1_132' title='bbox 1098 4600 1156 4664; x_wconf 91' lang='lat' dir='ltr'>ubi</span> <span class='ocrx_word' id='word_1_133' title='bbox 1171 4619 1250 4665; x_wconf 90' lang='lat' dir='ltr'>vere</span> <span class='ocrx_word' id='word_1_134' title='bbox 1264 4600 1402 4664; x_wconf 87' lang='lat' dir='ltr'>inhabi-</span> 
     </span>
    </p>
   </div>
   <div class='ocr_carea' id='block_1_7' title="bbox 0 0 1672 5430">
    <p class='ocr_par' dir='ltr' id='par_1_7' title="bbox 0 0 1672 5430">
     <span class='ocr_line' id='line_1_19' title="bbox 0 0 1672 5430; baseline 0 3"><span class='ocrx_word' id='word_1_135' title='bbox 0 0 1672 5430; x_wconf 95' lang='lat' dir='ltr'> </span> 
     </span>
    </p>
   </div>
  </div>
 </body>
</html>
