3336 5430
683 563 843 625 ,ρμ

178 781 289 835 autem
305 772 462 852 ellipsim,
474 770 570 852 cujus
579 789 679 854 opere
695 775 842 838 nominis
859 773 985 855 proprii
1000 772 1148 838 indolem
1162 778 1343 858 partesque

177 888 328 968 suscepit
342 885 548 949 vocabulum
563 888 732 970 quoddam
747 889 966 966 abstractum,
984 889 1100 952 eodem
1117 891 1249 952 animus
1264 891 1345 952 arti-

178 1004 256 1067 ficio
271 1003 456 1067 elaboravit
471 1021 550 1085 quo,
570 1006 599 1067 si
614 1006 692 1087 quis
708 1009 832 1069 virtute
852 1007 964 1087 aliqua
983 1005 1147 1067 excellere
1168 1009 1261 1070 visus
1282 1013 1345 1079 est,

178 1122 253 1202 ejus
273 1122 364 1184 modi
384 1122 538 1186 confusio
559 1125 746 1188 instituitur
766 1127 802 1186 ut
823 1125 880 1204 qui
902 1124 1038 1185 excellit
1060 1142 1133 1186 eam
1158 1125 1266 1204 ipsam
1281 1141 1349 1207 qua

178 1240 312 1302 excellit
327 1240 499 1314 virtutem,
516 1242 680 1318 integram
701 1245 734 1302 et
752 1240 851 1321 quasi
866 1242 956 1304 vitae
978 1239 1138 1302 donatam
1158 1258 1349 1322 personam,

176 1361 429 1437 repraesentare
444 1357 608 1420 videatur.

218 1535 363 1596 Nomina
379 1552 465 1615 quae
479 1533 693 1613 prudentiam
714 1535 765 1596 vel
786 1535 1026 1612 cogitationem
1051 1534 1246 1613 significant
1267 1536 1351 1598 haec

178 1654 258 1713 sunt
275 1669 281 1710 :
1223 1627 1227 1635 ’

217 1768 337 1854 ρρονιρς,
355 1767 524 1843 cogitatio,
543 1767 630 1846 apud
646 1766 836 1842 Pindarum,
855 1770 902 1830 ot.
922 1768 947 1844 Ι,
966 1767 1016 1830 30.

216 1886 357 1966 Φρόντιδι,
375 1882 516 1944 Panthoi
531 1885 640 1960 uxori,
657 1885 681 1944 P
696 1886 745 1947 40.
763 1881 810 1946 Cf.
827 1883 904 1961 gall.
924 1887 1133 1963 conscience,
1152 1889 1289 1947 Rntson.

217 2072 362 2155 ρράδμων,
379 2071 537 2151 prudens,
554 2077 582 2132 Π
596 2072 665 2135 638.

217 2191 414 2271 Φραδμονιῒην
437 2189 588 2269 Ἀγέλαον,
610 2188 801 2269 Troianum,
825 2193 851 2250 Θ
872 2189 942 2252 257.
970 2187 1017 2250 Cf.
1043 2187 1100 2251 lat.
1126 2191 1346 2265 Prudentem,

182 2307 419 2381 Praetentura,
435 2305 510 2382 gall.
529 2309 693 2382 prudent,
711 2310 850 2383 Lenaee,
868 2324 972 2384 germ.
997 2309 1115 2369 Wetse.

217 2498 342 2574 νοήμων,
360 2495 482 2556 mentis
497 2511 646 2574 compos,
665 2499 681 2574 β
696 2496 765 2559 282.

216 2614 366 2689 Νοήμονα,
384 2611 536 2691 Lycium,
553 2612 579 2672 E
594 2610 668 2685 678;
685 2614 828 2690 Νοήμονι,
845 2611 950 2691 Pylio,
968 2610 1084 2674 111612.

215 2795 340 2880 πρόνοος,
358 2795 528 2876 providus,
545 2797 635 2876 apud
649 2797 867 2878 Aeschylum,
884 2802 998 2874 suppl.
1015 2797 1084 2862 969.

216 2913 349 2998 Πρόνοον,
368 2912 557 2995 Trojanum,
574 2917 602 2972 Π
615 2911 683 2975 399.

216 3101 265 3162 Ad
288 3101 494 3178 diligentiam
516 3103 659 3180 pertinet
680 3103 872 3184 Ἐπίστροφος,
891 3103 1116 3165 Phocensium
1131 3103 1210 3179 dux,
1228 3104 1252 3164 B
1268 3103 1343 3178 517;

175 3218 376 3280 Halizonum
392 3218 470 3292 dux,
487 3218 601 3293 Β856;
619 3217 793 3297 Trojanus,
810 3219 835 3279 B
850 3219 920 3282 692.
937 3216 984 3281 Cf.
1003 3219 1059 3280 lat.
1077 3221 1289 3295 Dtttoentetn.

216 3335 396 3417 ἐπίστροφος,
428 3332 581 3412 diligens,
608 3359 625 3393 οι
650 3334 724 3411 ΙΙΙ,
744 3335 877 3396 sirecte
904 3335 1144 3414 interpretatus
1174 3335 1237 3396 sim
1266 3350 1344 3396 eum

173 3467 314 3512 versum
327 3470 333 3512 :

354 3641 413 3698 ἐπεὶ
429 3643 475 3700 καὶ
491 3648 582 3706 κεῖνος
597 3639 762 3722 ἐπίστροφος
775 3636 811 3716 ἧν
832 3637 983 3723 ἀνθρώπων

213 3845 313 3907 quem
323 3827 514 3907 Hesychius
522 3827 567 3888 ita
576 3827 732 3888 enodavit
743 3847 749 3887 ε
761 3828 931 3910 ἐπιστροφὴν
940 3824 1106 3907 ποιούμὲνος
1121 3832 1166 3889 καὶ
1177 3832 1340 3912 φροντίζων,

174 3941 357 4023 ἐπιμελητής.

213 4061 300 4122 Huic
314 4059 442 4122 nomini
456 4061 638 4141 opponitur
653 4059 704 4121 οὐκ
720 4057 829 4140 ἀλέγων
848 4064 867 4090 “
886 4061 944 4142 qui
965 4077 1034 4122 non
1056 4065 1151 4122 curat
1168 4059 1196 4123 ”·.

213 4177 398 4257 Οὐκαλέγων,
421 4176 595 4257 Trojanus,
618 4181 640 4235 Γ
666 4176 735 4239 148.
759 4173 806 4238 ef.
829 4177 887 4238 lat.
909 4180 1084 4253 Seennnnt,
1108 4194 1211 4255 germ.
1240 4181 1345 4241 Onne-

171 4311 282 4371 conoe.

213 4483 254 4546 ad
269 4484 453 4563 hospitium
473 4502 479 4543 :

212 4602 360 4675 πάνδοκος,
376 4599 564 4681 hospitalis,
583 4597 671 4678 apud
685 4599 877 4671 Pindarum,
896 4604 943 4663 ot.
962 4600 1018 4675 ΙΙΙ,
1037 4601 1086 4662 3Ι.
